2606 3940
434 219 518 269 xxv.
551 216 709 278 currens.
731 213 806 266 e-r.
1036 204 1098 272 103

138 355 353 441 principatum
387 354 589 439 eloquentiae
620 354 764 440 terrebat,
797 357 834 419 ut
863 353 971 420 intelle
996 355 1004 370 “
1034 376 1115 422 non.

138 444 261 526 posset,
289 444 361 507 uter
382 457 460 505 eum*
476 439 550 523 plus
571 439 734 586 diligeret,
761 436 872 505 Cicero
900 459 942 504 an
997 442 1102 505 orten-

6 547 7 560 ¹
139 526 221 590 sius:
249 524 352 608 etid,
380 522 466 607 quod
494 526 563 588 erat
589 523 828 606 dificillimum,
856 521 1029 606 efficiebat,
1056 527 1101 606 ut,

6 651 7 668 r
138 610 224 674 inter
246 629 326 693 quos
347 610 439 676 tanta
460 606 563 672 laudis
583 610 667 673 esset
685 607 868 691 aemulatio,
890 607 981 674 nulla
1003 607 1101 672 inter·

6 723 7 728 ¹
138 692 265 758 cederet
287 691 476 757 obtrectatio
499 693 643 774 essetque
670 691 784 756 talium
811 691 954 757 virorum
975 692 1100 776 copula.

222 776 262 842 In
282 796 318 842 re
344 775 473 860 publica
493 775 540 841 ita
561 777 610 841 est
630 778 789 859 versatus,
815 778 852 840 ut
873 796 999 860 semper
1020 775 1137 861 opti-6
1250 819 1253 824 -

6 941 7 944 Ἴ
137 881 263 926 marum
283 860 424 944 partium
446 862 479 925 et
500 863 584 925 esset
604 861 636 924 et
657 858 904 942 existimaretur,
929 881 1034 944 neque
1054 863 1101 926 ta-

136 965 213 1010 men
241 965 275 1010 se
302 943 449 1010 civilibus
480 941 629 1009 fluentes
661 943 891 1027 committeret,
919 942 1006 1027 qued
1032 965 1101 1010 non

137 1029 241 1126 magis
270 1048 323 1126 eos
345 1028 380 1093 in
407 1049 465 1094 sua
486 1029 645 1126 potestate
666 1026 868 1126 existimabat
889 1049 966 1112 esse,
989 1029 1045 1110 qui
1066 1049 1100 1093 se

136 1111 779 1294 itidedoifssdtuiiadudmeimssffli
796 1115 1009 1294 {53¹er
1030 1112 1129 1281 did

137 1284 216 1344 tram
230 1281 281 1346 vel
297 1280 501 1366 drgnrtatem:
525 1278 611 1363 quod
624 1300 729 1377 neque
750 1283 818 1364 petr
839 1300 928 1345 more
942 1300 1100 1346 marorum

18 1434 22 1442 ,
136 1385 178 1429 ne
201 1385 241 1428 ue
263 1385 300 1428 ca
322 1365 334 1428 i
355 1367 489 1447 possent
508 1367 704 1428 conservatus
718 1363 843 1462 iegibus
864 1363 899 1429 in
919 1366 987 1428 tam
1008 1363 1101 1428 effusi

138 1471 190 1512 arn
213 1449 278 1512 itus
299 1387 531 1532 dergitionibus
557 1467 662 1531 neque
713 1468 759 1512 err
787 1468 860 1513 ere
881 1447 1009 1530 publica
1030 1449 1100 1513 sine

136 1530 280 1615 periculo
296 1531 454 1616 corruptis
469 1530 607 1596 civitatis
621 1551 705 1596 mon
726 1553 775 1596 ns.
803 1531 845 1596 ad
858 1532 983 1596 hastam
997 1532 1130 1614 publi-a

83 1681 87 1688 ,
137 1637 208 1680 cam
237 1635 414 1699 numquam
448 1616 589 1681 accessit
642 1614 763 1680 nullius
794 1615 841 1680 rei
872 1635 976 1698 neque
1007 1635 1101 1699 praes

137 1720 242 1784 neque
263 1720 415 1784 manceps
437 1699 541 1765 factus
564 1701 621 1766 est.
656 1698 818 1766 neminem
839 1719 944 1783 neque
965 1719 1024 1765 suo
1043 1719 1101 1765 no·

138 1784 223 1848 mine
244 1804 350 1867 neque
371 1783 575 1850 subscribens
596 1783 771 1849 accusarit:
796 1783 832 1848 in
853 1783 903 1848 ius
926 1781 965 1847 de
986 1802 1045 1849 sua
1065 1804 1101 1848 re

6 1941 7 1950 χ
138 1887 314 1950 numquam
342 1867 396 1930 iit:
429 1866 582 1932 iudicium
608 1865 734 1931 nullum
759 1866 881 1932 babuit
924 1866 1131 1933 morumne

137 1950 305 2016 consulum
329 1953 577 2034 praetorumque
603 1949 819 2032 praefecturas
841 1948 963 2015 delatam
984 1950 1030 2015 sic
1051 1971 1102 2016 ac-

137 2035 236 2184 rra
254 2033 530 2184 recreer
543 2032 1101 2200 euerritur-‘ruben

246 2179 249 2186 ,
432 2167 442 2202 ,
476 2183 478 2187 ,
889 2183 890 2186 ,
1092 2165 1100 2182 .

138 2203 194 2282 qui
215 2223 257 2268 ne
278 2223 351 2268 curn
366 2200 486 2278 Quinto
509 2200 639 2285 quidem
662 2199 815 2266 Cicerone
836 2201 976 2267 voluerit
997 2201 1044 2268 irc
1065 2203 1101 2267 in

138 2286 259 2368 Asiam,
281 2307 353 2351 curn
367 2287 453 2368 apud
475 2307 547 2351 eum
569 2283 667 2368 legati
688 2284 795 2349 locum
815 2283 961 2351 obtinere
982 2289 1100 2368 posset.

138 2389 205 2434 non
233 2369 321 2433 enim
347 2367 457 2434 decere
488 2389 523 2432 se
556 2367 786 2449 arbitrabatur,
818 2387 892 2431 cnm
917 2372 1101 2450 praeturam

138 2472 249 2537 gerere
271 2450 437 2534 noluisset,
458 2450 611 2516 asseclam
633 2470 701 2514 esse
721 2449 887 2532 praetoris.
924 2470 988 2532 qua
1008 2451 1044 2515 in
1064 2459 1131 2516 ret

137 2556 207 2601 non
228 2534 333 2601 solum
354 2534 505 2631 dignitati
526 2533 699 2615 serviebat,
726 2532 781 2598 sed
803 2534 900 2598 etiam
921 2534 1102 2617 tranquilli·

137 2620 208 2703 tati,
231 2639 304 2685 cum
318 2618 516 2702 suspiciones
538 2638 666 2702 quoque
681 2615 799 2682 ritaret
820 2616 999 2682 criminum.
1035 2638 1101 2701 quo

138 2702 237 2768 fiebat
256 2706 294 2769 ut
315 2703 383 2768 eius
399 2701 602 2767 observantia
623 2700 772 2766 omnibus
789 2703 873 2766 esset
893 2701 1006 2784 canor,
1028 2721 1100 2768 curn

139 2807 210 2852 eam
238 2786 362 2870 officio,
386 2807 454 2851 non
474 2785 584 2850 timori
604 2805 709 2882 neque
730 2784 800 2869 spei
820 2783 921 2850 tribui
946 2784 1099 2851 riderent

222 2870 340 2936 Incidit
360 2869 587 2936 Caesarianum
609 2869 702 2934 oivrle
723 2869 853 2952 bellum,
875 2889 949 2934 cum
970 2867 1136 2935 baberet?

81 2971 83 2976 ’
138 2974 241 3018 annos
263 2953 389 3019 circiter
410 2953 586 3041 sexaginta.
629 2974 706 3018 usus
728 2956 776 3018 est
797 2953 912 3018 aetatis
932 2953 1101 3020 vacatione

137 3058 242 3122 neque
275 3057 310 3102 sa
343 3059 505 3123 quoquam
536 3037 640 3102 movit
672 3057 711 3101 ex
742 3035 831 3101 urbe.
880 3058 962 3121 quae
990 3038 1101 3104 amicis

137 3123 203 3188 suis
225 3142 306 3206 opus
327 3120 458 3187 fuerant
477 3122 518 3187 ad
531 3121 721 3204 Pompeium
735 3119 1020 3204 proficiscentibus,
1035 3143 1101 3186 om·

6 3233 10 3268 r
137 3207 193 3272 nia
225 3226 265 3271 ex
296 3227 355 3272 sua
384 3226 419 3270 re
450 3205 601 3270 familiari
635 3203 737 3269 dedit:
770 3204 876 3288 ipsum
908 3204 1100 3288 Pompeium

6 3291 8 3296 ’
137 3291 346 3357 coniunctum
379 3310 447 3355 non
474 3289 615 3354 offendit.
664 3287 790 3354 nullum
821 3289 862 3352 ab
894 3309 932 3353 eo
958 3286 1130 3353 habetata

137 3380 378 3458 ornamentum,
406 3376 443 3439 ut
469 3372 582 3457 ceteri,
609 3372 665 3457 qui
690 3393 748 3456 per
776 3393 849 3436 eum
878 3374 934 3436 aut
960 3371 1100 3438 honores

6 3451 7 3466 ³
64 3461 70 3473 “
137 3463 194 3525 aut
230 3459 360 3524 divitias
396 3459 560 3540 ceperant:
597 3477 734 3540 quorum
766 3456 884 3540 partim
915 3455 1100 3522 invififliimi
