2606 3940
229 242 271 306 68
506 255 592 303 xvu.
623 247 949 301 tausinanum·
1056 303 1061 309 .
1126 253 1130 258 '

201 392 316 456 abaco
344 391 450 454 autem
478 408 550 452 eum
578 387 699 450 videret
725 385 834 449 hostes
859 385 1003 468 equitatu
1030 403 1193 467 superare,
1288 393 1289 424 ³

230 495 406 558 numquam
432 473 468 536 in
494 491 606 568 eampo
636 470 685 534 sui
706 469 784 534 feeit
805 471 997 552 potestatem
1024 471 1057 530 et
1083 467 1123 530 iis
1145 467 1196 531 lo·
1288 483 1289 517 l

230 559 275 624 eis
297 579 427 622 manum
457 557 633 636 oonsermt,
661 552 776 637 quibus
797 553 870 636 plus
890 551 1051 636 pedestres
1080 550 1194 634 eopiae
1288 553 1289 588 ³

231 642 384 708 valerent
427 638 553 724 pepulit
571 657 660 722 ergo,
690 636 975 720 quotienscumque
1002 654 1194 719 congressus

231 731 294 810 est,
321 723 423 789 multo
445 723 581 788 maiores
609 719 863 786 adversariorum
885 719 993 802 copias
1020 721 1054 782 et
1080 717 1125 782 sio
1157 719 1195 782 in

231 811 310 874 Asia
335 811 479 874 versatus
506 810 568 888 est,
597 807 635 868 ut
664 804 808 868 omnium
835 803 987 886 opinione
1012 802 1115 866 vietor
1136 801 1194 865 ‹lu-

231 897 364 959 eeretur.
1288 947 1289 956 ,

195 980 215 1042 4
313 975 377 1040 Hie
405 995 477 1040 eum
506 973 569 1037 iam
603 973 710 1037 auimo
738 970 946 1036 meditaretur
971 968 1130 1053 profioieei
1157 971 1193 1034 in

231 1061 344 1126 Persas
372 1061 405 1123 et
432 1058 538 1142 ipsum
567 1075 675 1141 regam
707 1054 841 1138 adoriri,
868 1053 1002 1119 nuntius
1035 1053 1065 1118 ei
1095 1052 1192 1118 domo

232 1144 353 1209 venite
375 1141 529 1207 herorum
543 1140 651 1224 missu,
673 1139 792 1204 bellum
807 1137 1021 1203 Athenienses
1042 1140 1076 1201 et
1089 1135 1193 1202 Boeo·

231 1232 282 1293 tos
310 1227 346 1293 iu
371 1227 377 1240 '
401 1226 462 1291 isse
483 1222 757 1290 Lacedaemoniis:
787 1243 884 1306 quare
905 1222 1015 1288 venire
1036 1241 1078 1285 ne
1100 1220 1194 1284 dubi-

201 1315 325 1376 rurae.
375 1310 411 1375 in
437 1308 500 1373 hoe
530 1327 599 1373 non
624 1305 731 1372 minus
763 1307 831 1370 eius
857 1305 959 1390 pietas
992 1303 1192 1390 suspicienda

233 1399 282 1460 est
303 1415 399 1478 quam
420 1393 522 1457 virtus
543 1390 675 1456 bellios:
711 1389 767 1474 qui
794 1411 867 1455 eum
894 1388 1008 1455 viatori
1031 1392 1194 1474 praeesset

142 1556 144 1560 Ι
234 1477 387 1543 exercitui
407 1474 641 1574 maximamque
667 1474 809 1572 haberet·
825 1473 974 1571 fiduciam
1002 1473 1093 1572 regni
1118 1472 1194 1572 Per-

233 1556 1194 1740 r,reimtetrartatttrum‘u

233 1731 326 1795 mitio
355 1733 438 1794 esset
464 1725 607 1812 Spartae.
658 1747 747 1792 eurus
774 1726 955 1810 exemplum
980 1726 1104 1792 utinam
1136 1725 1193 1790 im-

205 1828 220 1876 e
236 1817 399 1898 penatores
413 1812 517 1878 nostri
531 1811 621 1908 sequi
635 1809 825 1876 voluissentl
857 1809 913 1876 sed
926 1809 1004 1875 illue
1017 1810 1193 1874 redeamus.

233 1897 403 1996 Agesilaus
439 1894 681 1982 opulentissimo
717 1914 816 1981 regno
855 1895 1040 1979 praeposuit
1074 1895 1194 1958 bonam

235 1980 504 2047 existimationem
525 1979 691 2062 multoque
713 1977 884 2063 gloriosius
911 1977 1017 2062 (luxit,
1050 1979 1077 2042 si
1103 1977 1194 2042 insti·

233 2065 312 2130 tutis
344 2064 466 2148 patriae
498 2061 670 2147 paruisset,
726 2083 801 2127 uam
833 2062 860 2127 si
896 2062 981 2128 bello
1014 2066 1195 2146 superasset
1288 2138 1289 2152 χ

204 2161 222 2212 s
236 2148 356 2212 Asiam.
381 2148 442 2212 hae
455 2147 556 2232 igitur
569 2149 676 2210 mente
721 2146 932 2230 ellespontum
947 2147 1054 2230 copias
1068 2145 1196 2212 traiecit

234 2234 387 2315 tantaque
414 2249 490 2295 uaus
518 2233 567 2294 eet
587 2229 764 2313 eeleritate,
792 2233 843 2314 ut,
872 2230 958 2313 quod
984 2231 1046 2295 iter
1072 2229 1195 2295 Xerxes

235 2335 320 2380 anno
343 2316 487 2379 vertente
509 2313 699 2397 eonfeeerat,
720 2313 774 2378 hie
795 2313 959 2379 transierit
974 2313 1109 2400 triginta
1130 2313 1194 2378 die·

205 2400 305 2465 tbus.
360 2419 432 2464 eum
460 2397 525 2462 iam
545 2396 632 2463 haud
653 2399 699 2462 ita
720 2397 818 2483 longe
844 2400 977 2464 abesset
995 2419 1016 2464 a
1035 2396 1195 2482 Pelopon·

235 2503 323 2568 uaso,
345 2482 499 2548 obsistere
521 2481 551 2546 ei
566 2483 672 2547 eonati
693 2485 770 2546 sunt
788 2481 1002 2547 Athenienses
1024 2485 1057 2548 et
1076 2481 1194 2547 Boeoti

236 2567 396 2651 ceterique
418 2586 528 2631 eorum
555 2566 634 2633 socii
655 2566 739 2650 apud
761 2565 954 2632 Coroneam:
979 2587 1060 2651 quos
1082 2586 1194 2631 omnes

206 2651 328 2735 egrari
348 2650 472 2735 proelio
494 2650 580 2715 vicit.
623 2649 718 2715 huius
732 2650 885 2716 victoriae
906 2651 958 2716 vel
972 2650 1111 2716 maxime
1130 2650 1196 2715 fuit

221 2737 319 2819 laus,
347 2733 447 2818 quod,
475 2755 548 2798 eum
574 2734 717 2818 plerique
745 2755 784 2799 ex
810 2734 889 2820 iuga
914 2756 948 2801 se
976 2734 1010 2800 in
1038 2733 1195 2834 templum

235 2817 400 2883 Minervae
415 2817 626 2883 coniecissent
640 2821 907 2902 quaerereturque
929 2819 1032 2902 abeo,
1055 2818 1132 2903 quid
1154 2819 1195 2884 iis

235 2902 334 2967 vellet
352 2901 433 2985 fieri,
455 2900 515 2966 etsi
537 2901 661 2986 aliquot
681 2901 815 2968 vulnera
831 2907 997 2987 acceperat
1017 2923 1056 2968 eo
1070 2902 1195 2986 proelio

236 2992 268 3050 et
289 2987 389 3051 iratus
403 2985 571 3051 videbatur
584 2985 742 3070 omuibus,
764 2986 819 3070 qui
841 2987 991 3053 adversus
1013 3009 1101 3052 arma
1115 2987 1196 3052 tule-

237 3073 323 3152 rant,
352 3073 461 3135 tamen
488 3070 638 3135 antetulit
663 3070 729 3136 irae
750 3070 941 3156 religionem
962 3075 995 3137 et
1016 3092 1070 3137 eos
1091 3071 1196 3136 vetuit

206 3152 360 3219 ariolari.
403 3174 509 3238 neque
531 3175 606 3219 vero
628 3156 690 3220 hoe
710 3154 815 3220 solum
835 3155 871 3220 in
893 3155 1027 3221 Graecia
1047 3155 1133 3238 feeit,
1159 3159 1198 3220 ut

235 3237 356 3320 templa
371 3237 502 3302 deorum
524 3242 634 3302 saneta
654 3237 802 3323 haberet,
825 3239 879 3306 sed
902 3240 998 3305 etiam
1019 3238 1104 3326 apud
1124 3239 1197 3304 bar-

236 3322 332 3386 baros
364 3342 488 3386 summa
523 3320 679 3406 religione
717 3323 826 3388 omnia
856 3324 1026 3388 simulacra
1062 3343 1197 3406 araeque

206 3415 222 3464 s
238 3405 447 3488 conservavit.
484 3405 592 3490 itaque
613 3405 816 3491 praedicabat
830 3407 940 3473 mirari
954 3427 997 3490 se,
1019 3428 1087 3472 non
1102 3407 1198 3472 saeri-

237 3489 383 3572 legorum
402 3491 546 3556 'numero
581 3491 708 3576 haberi,
746 3492 801 3575 qui
835 3491 1031 3575 supplicibus
1064 3491 1196 3558 deorum
1288 3487 1289 3496 ’
