2590 3946
205 241 249 307 46
504 253 567 302 xii.
604 248 881 302 eminuisse

206 412 312 458 comes
335 391 377 455 sit
399 392 431 454 et
451 389 591 454 libenter
611 389 650 454 ile
671 389 712 454 iis
728 388 906 472 detrahant,
930 408 1010 471 quos
1032 389 1177 454 eminere

206 475 337 542 videant
357 475 468 558 ultius,
490 494 595 554 neque
617 474 724 538 animo
746 493 848 556 aequo
862 492 1019 556 pauperes
1034 472 1178 540 alienum
1280 505 1281 548 i

208 559 434 644 [opulentium]
456 559 643 622 intueantur
663 557 836 622 fortunam.
873 557 982 639 itaque
1007 554 1177 640 Chabrias,

175 657 280 710 ccum
302 643 332 708 ei
351 642 482 726 licebat,
503 641 678 725 plurimum
704 641 823 706 eberat
859 661 964 723 neque
986 661 1062 706 uero
1084 640 1176 706 solue

206 728 261 793 ille
289 727 400 792 aberat
413 725 563 791 ‘Athenis
590 725 744 809 libenter,
771 724 827 789 sed
854 745 965 789 omnes
992 724 1059 790 fere
1085 725 1177 808 prin·
1281 752 1282 807 ᾗ

207 813 293 897 cipes
326 812 471 876 fecerunt
503 809 603 893 idem,
634 810 721 893 quod
752 811 879 873 tantum
914 829 947 872 se
983 808 1024 872 ab
1051 809 1177 873 invidia
1281 851 1282 854 =

205 895 364 981 putebant
401 895 561 977 afuturos,

206 979 403 1045 recesserint.
460 978 472 1041 i
528 999 569 1042 ue
594 915 717 1043 ᾳθοιιοιι
748 977 923 1061 plurimum
949 975 1048 1061 Cypri
1081 977 1174 1060 vixit,

205 1063 383 1160 Iphicrates
422 1063 457 1126 in
591 1062 638 1145 ia,
676 1061 864 1126 Timotheus
898 1060 1018 1144 Lesbo,
1052 1059 1174 1126 Chares

206 1146 319 1232 Sigeo,
349 1145 512 1211 dissimilis
534 1145 663 1229 quidem
686 1144 805 1212 Chares
826 1145 943 1210 horum
965 1149 998 1210 et
1024 1145 1118 1209 factis
1141 1150 1175 1210 et

205 1231 358 1314 moribus,
380 1230 437 1295 sed
456 1234 567 1294 tamen
587 1230 726 1294 Athenis
748 1235 781 1295 et
793 1229 971 1294 honoratus
993 1231 1026 1294 st
1045 1233 1172 1312 potens.

170 1315 192 1378 4
291 1313 446 1380 Chabrias
473 1317 594 1411 anien
606 1313 703 1397 periit
733 1313 820 1411 bello
847 1313 958 1378 sociali
985 1313 1043 1377 tali
1064 1313 1172 1379 modo.

206 1396 848 1580 iltltsbhtiilitttlitlilh
862 1401 1053 1580 effi
1068 1398 1173 1580 ltili

207 1569 396 1633 auctontete
412 1566 564 1648 anteibat,
587 1586 723 1649 eumque
745 1587 847 1650 magis
861 1565 979 1630 milites
996 1585 1093 1648 quani
1114 1587 1174 1650 qui

176 1653 377 1736 apraeerant
402 1650 609 1734 aspie-iebant
653 1671 734 1733 quae
764 1670 815 1714 res
837 1650 867 1714 ei
893 1649 1067 1714 maturavit
1088 1671 1173 1714 mor·

616 895 750 958 uantum
782 915 803 957 a
835 896 1008 977 conspectu
1040 913 1174 958 suorum

204 1741 280 1800 teni.
316 1755 393 1798 nani
415 1734 490 1797 ilum
511 1734 633 1817 primus
655 1732 761 1798 studet
774 1737 904 1817 portum
918 1733 1039 1799 intrare
1056 1735 1173 1819 guber·
1283 1734 1284 1750 ¹

204 1821 414 1916 ueteremque
435 1817 526 1881 iubet
551 1836 590 1881 eo
612 1817 750 1902 dirigere
770 1839 900 1902 navem,
928 1819 996 1901 ipse
1019 1817 1080 1881 sibi
1100 1840 1172 1902 per-

205 1902 301 1967 niciei
327 1901 405 1966 fuit:
438 1921 510 1966 cum
537 1901 623 1966 enim
652 1921 690 1966 eo
712 1905 925 1986 penetrasset,
954 1905 1077 1968 ceterae
1103 1922 1172 1967 non

205 1989 282 2052 sunt
294 1977 431 2052 secutae.
460 2005 524 2068 quo
539 1984 625 2051 fecto
636 1986 845 2051 circumfusus
856 1985 999 2052 hostium
1013 2006 1171 2051 concursu

205 2091 278 2135 eum
292 2070 465 2135 fortissime
479 2073 650 2154 pugnaret,
671 2070 763 2135 navis
777 2073 882 2135 rostro
900 2091 1051 2154 percussa
1064 2071 1172 2154 coepit

175 2153 318 2219 asidere.
369 2153 446 2216 hinc
477 2174 512 2218 re
569 2173 625 2217 ere
651 2174 724 2217 cum
752 2160 875 2252 posset,
903 2155 937 2219 si,
961 2175 994 2219 se
1020 2155 1056 2218 in
1082 2176 1171 2220 mare

207 2235 387 2320 deiecisset,
414 2237 500 2319 quod
521 2258 559 2301 su
582 2240 651 2300 erat
672 2237 781 2302 classis
801 2238 1064 2322 Atheniensium,
1087 2260 1171 2323 quae

207 2322 367 2405 exciperet
379 2322 539 2404 nutantes,
560 2321 665 2404 perire
679 2323 793 2387 maluit
807 2344 903 2408 quam
925 2321 1022 2386 armis
1037 2323 1170 2389 abiectis

205 2426 321 2469 nerem
347 2403 544 2489 relinquere,
576 2405 611 2470 iii
633 2406 697 2489 qua
724 2407 830 2472 fueret
850 2409 969 2472 vectus.
1017 2406 1051 2470 id
1072 2409 1171 2472 ceteri

205 2489 310 2554 facere
331 2489 521 2573 noluerunt,
548 2490 604 2572 qui
630 2491 739 2556 nando
760 2491 796 2555 in
816 2493 923 2556 tutum
943 2495 1169 2574 pervenerunt.

204 2577 239 2638 et
259 2573 324 2656 ille,
345 2575 507 2657 praestare
527 2572 697 2639 honestam
718 2578 854 2640 mortem
875 2575 1060 2639 existimans
1081 2577 1170 2660 turpi

205 2658 300 2741 vitae,
315 2657 494 2721 comminus
507 2677 656 2742 pugnans
667 2659 741 2722 telis
756 2659 898 2724 hostium
908 2659 1094 2726 interfectus
1110 2663 1168 2726 est.

591 2863 791 2874 ...————.

467 3009 563 3086 Xlll.
617 3013 900 3090 TIMO'l'HEUS.

172 3160 183 3221 l
289 3156 492 3244 Timotheus,
515 3159 659 3227 Cononis
680 3162 782 3245 filius,
812 3163 1030 3229 Atheniensis.
1073 3164 1170 3229 hiea

205 3247 295 3329 patre
317 3249 481 3328 acceptam
501 3245 639 3330 gloriam
659 3246 770 3310 multis
787 3247 877 3312 suxit
897 3248 1084 3313 virtutibus:
1105 3248 1172 3312 fuit

205 3329 291 3392 enim
306 3327 452 3410 disertus,
475 3329 622 3413 impiger,
645 3329 833 3413 laboriosus,
854 3333 902 3396 rei
918 3332 1066 3396 militaris
1085 3333 1171 3416 peri·

175 3413 258 3474 iius
288 3432 393 3495 neque
423 3412 530 3476 minus
563 3412 701 3477 civitatis
727 3415 895 3500 regendae.
946 3415 1048 3481 multa
1073 3415 1171 3480 huius

205 3497 281 3558 sunt
310 3496 473 3579 praeclare
508 3494 608 3579 fecta,
647 3497 702 3562 sed
734 3498 813 3563 lieec
849 3499 986 3564 maxime
1021 3500 1171 3567 illustria.
