2606 3940
411 236 512 285 xvrrr.
545 215 718 286 nonense.
743 233 900 319 ¹¹'¹³·5
1067 225 1109 290 79

145 371 337 452 potestetm
358 371 481 435 inimici
503 371 664 436 venires’?
696 371 770 437 huic
791 371 950 438 Eumenes
972 375 1138 441 ‘utinemt

61 509 67 514 ,
147 453 276 537 quidem
302 453 388 519 istud
415 455 587 519 evenisset!
623 454 679 520 sed
708 476 745 520 eo
772 477 841 522 non
868 457 996 542 accidit,
1023 461 1110 543 quod

147 557 322 621 numquam
343 558 416 603 cum
441 537 577 604 fortiore
601 559 673 605 sum
694 561 897 625 congressus:
934 543 1110 608 nonenim

148 641 221 686 cum
250 642 412 706 quoquam
438 643 527 688 erma
559 623 697 708 contuli,
731 625 810 708 quin
836 626 864 690 is
893 626 974 691 milri
1001 647 1110 692 succu-

147 706 262 771 buerit.
306 726 373 770 non
407 706 505 793 enim]
533 707 651 772 virtute
677 707 835 792 hostium,
858 708 1109 778 sedemicorum

169 789 280 854 erfidia
313 789 382 886 deci
405 790 438 854 i.’
492 811 597 874 neque
626 791 659 856 id
692 796 760 858 eret
791 793 917 859 falsum.
962 794 1049 882 [nam
1078 800 1111 860 et

146 811 303 1022 {ignitfiate
321 873 394 971 ,furt
414 874 558 1024 hfflefdd
572 878 604 940 et
626 875 747 943 viribus
774 877 815 943 sd
835 878 978 944 laborem
1005 879 1109 1028 {eren-

169 980 224 1023 um
268 979 345 1024 rmrs
366 978 470 1041 neque
579 979 697 1045 magno
721 981 860 1044 corpore
888 983 985 1046 quem
1028 982 1110 1048 gurc

147 1041 369 1194 venusldd‘hoc
394 1128 581 1225 Antigonus
609 1147 682 1225 cum
709 1127 796 1225 solus
824 1130 1157 1196 constituerenon12

144 1209 287 1293 auderet,
310 1209 350 1274 ad
364 1211 534 1277 consrlrum
548 1211 681 1276 rettuht.
717 1211 771 1275 hm
786 1231 859 1276 cum
873 1232 983 1278 omnes
1005 1215 1108 1297 primo

147 1295 324 1378 perturbati
350 1294 598 1378 admirarentur,
631 1315 698 1360 non
724 1295 789 1360 iem
812 1294 850 1359 de
880 1317 918 1360 eo
947 1300 1110 1380 sumptum

148 1399 215 1442 esse
237 1377 444 1462 supplicium,
472 1395 577 1461 ¹aquo
598 1381 649 1443 tot
669 1399 772 1444 annos
794 1379 873 1444 adeo
895 1385 1002 1446 essent
1026 1381 1109 1445 mele

147 1461 265 1544 habiti,
298 1465 335 1526 ut
362 1482 455 1545 saepe
481 1462 522 1527 ad
550 1461 804 1544 desperationem
834 1464 944 1528 forent
971 1463 1108 1548 adducti,

11 1601 12 1604 ,
148 1546 266 1630 quique
287 1544 442 1610 maximos
464 1545 559 1610 duces
578 1545 806 1644 interfecisset,
828 1546 966 1630 denique
987 1548 1022 1611 in
1043 1560 1138 1646 quos

147 1650 213 1694 uno
236 1631 362 1693 tentum
383 1633 476 1712 esset,
497 1632 543 1712 ut,
566 1628 671 1712 quoad
693 1628 747 1693 ille
769 1634 900 1714 viveret,
922 1631 985 1714 ipsi
1007 1650 1109 1695 secun

148 1734 305 1779 essenon
330 1716 477 1797 possent,
510 1712 679 1778 interfecto
707 1712 791 1777 nihil
817 1714 959 1780 habituri
986 1715 1110 1800 negotii

149 1801 263 1882 essent,
284 1801 457 1881 postremo,
472 1796 499 1861 si
513 1796 562 1861 illi
576 1795 722 1864 redderet
736 1797 881 1883 salutem,
904 1798 1109 1882 quaerebant,

149 1883 264 1965 quibus
283 1881 395 1946 amicis
417 1884 500 1946 esset
520 1902 651 1946 usuros:
673 1901 741 1946 sese
762 1883 849 1946 enim
870 1902 942 1946 cum
964 1881 1109 1947 Eumene

148 1964 233 2048 apud
255 1985 328 2029 eum
348 1984 416 2031 non
436 1965 573 2029 futuros.
616 1964 670 2029 hic
692 1965 822 2050 cognita
848 1965 974 2030 consilii
996 1966 1139 2031 volun-s
1192 2013 1195 2022 ,

148 2053 214 2114 tete
235 2051 344 2114 tamen
367 2069 469 2132 usque
491 2048 531 2112 ad
546 2048 717 2132 septimum
739 2047 823 2113 diem
837 2047 1033 2113 deliberandi
1049 2048 1111 2114 sibi

148 2133 287 2216 spatium
309 2133 447 2217 reliquit.
490 2135 560 2198 tum
583 2136 698 2216 autem,
721 2152 793 2196 cum
807 2133 872 2196 ium
892 2135 1055 2198 vereretur
1068 2153 1109 2197 ne

53 2233 54 2236 ’
148 2239 212 2300 que
233 2216 347 2282 seditio
368 2217 525 2282 exercitus
547 2219 705 2298 oreretur,
728 2216 830 2281 vetuit
850 2237 1042 2300 quemquam
1070 2217 1110 2281 ad

149 2321 222 2365 eum
249 2300 375 2365 admitti
398 2304 431 2365 et
457 2298 653 2398 cotidienum
680 2300 806 2364 victum·
821 2301 979 2398 removeri
1001 2301 1109 2366 iussit:

148 2385 450 2533 ttettftf
463 2403 516 2531 n
538 2383 905 2550 merulentus
931 2383 1140 2549 ffio„

149 2551 248 2616 duum
274 2551 358 2616 fame
384 2551 553 2637 fatigetur,
583 2571 657 2616 cum
685 2553 788 2616 castre
814 2553 1034 2634 moverentur,
1061 2550 1109 2616 in-

150 2637 270 2701 sciente
291 2636 459 2721 Antigono
481 2635 646 2719 iugulatus
667 2637 715 2700 est
735 2656 755 2699 a
776 2633 971 2700 custodibus.

232 2719 285 2786 Sic
305 2719 466 2785 Eumenes
488 2740 647 2785 annorum
668 2719 810 2802 quinque
832 2721 864 2783 et
886 2717 1105 2804 quodraginta,
1117 2715 1159 2782 ’13

149 2825 222 2870 eum
243 2806 283 2869 eb
298 2826 384 2868 anno
406 2804 566 2886 vicesimo,
588 2803 637 2867 uti
654 2823 750 2886 supra
764 2801 971 2887 ostondimus,
986 2807 1109 2886 sepmm

109 2913 111 2917 ·
150 2908 252 2952 annos
273 2887 424 2971 Philippo
447 2886 659 2971 apparuisset,
680 2886 832 2952 tredecim
859 2887 945 2970 apud
971 2886 1109 2952 Alexan·

151 2971 242 3034 drum
264 2971 399 3035 eundem
419 2971 527 3037 locum
549 2970 748 3053 obtinuisset,
770 2969 805 3035 in
826 2972 877 3035 his
889 2979 999 3034 'unum
1021 2971 1108 3054 equi·

149 3058 219 3119 tum
246 3053 314 3119 aloe
335 3055 538 3138 praefuisset,
564 3057 639 3137 post
664 3057 773 3118 autem
794 3053 969 3119 Alexandri
996 3052 1109 3201 Magni

148 3141 285 3204 mortem
306 3139 479 3222 imperator
500 3138 655 3204 exercitus
671 3137 814 3203 duxisset
827 3158 1031 3223 summosque
1096 3173 1109 3186 ·

11 3231 13 3238 '
148 3243 201 3288 ees
233 3223 351 3305 purtim
377 3223 559 3306 repulisset,
613 3221 709 3286 urtim
736 3222 963 3305 interfecisset,
997 3224 1108 3304 ceptus

148 3327 216 3372 non
230 3307 388 3396 Antigoni
402 3307 530 3389 virtute,
552 3244 612 3371 sed
622 3305 834 3371 Macedonum
847 3305 988 3389 periurio
1009 3304 1107 3368 talem

148 3391 262 3455 habuit
283 3391 402 3454 exitum
423 3391 517 3455 vitae.
559 3390 594 3454 in
617 3410 680 3472 quo
703 3394 824 3473 quante
845 3389 988 3454 omnium
1008 3388 1136 3453 rueres

149 3474 258 3558 opinio
281 3494 406 3555 eorum,
428 3473 485 3557 qui
505 3477 579 3555 post
601 3472 819 3538 Alexandrum
839 3471 995 3556 Magnum
1015 3491 1107 3556 reges
