2606 3940
187 238 229 306 86
365 300 367 304 .
459 236 532 289 xxx.
569 237 617 286 nr
639 235 797 286 aremus.
821 231 845 284 1.
867 233 892 282 a.

451 465 549 552 XXI.
600 472 664 551 Du
694 470 908 552 suemus

163 627 185 692 1
282 623 328 695 Ei
347 627 416 694 fere
436 627 570 692 fuerunt
591 624 730 691 Graecae
757 625 862 710 gentis
885 623 993 707 duces,
1016 623 1072 706 qui
1099 641 1164 701 me·

138 759 143 768 ·
199 713 303 784 moria
330 711 421 800 digni
449 710 631 794 videantur,
651 712 789 857 fraelex
807 729 915 794 reges:
935 727 1080 790 mamque
1109 727 1165 774 eos
1286 715 1287 720 ’

199 797 359 884 attingere
380 793 559 880 noluimus,
586 814 649 878 qno
700 793 844 859 omnium
873 812 923 857 res
945 797 1053 878 gestae
1076 811 1165 875 scpu-

200 883 296 949 ratim
323 884 399 946 sunt
419 879 549 943 relatae.
591 897 695 962 neque
720 880 829 942 tamen
850 876 875 940 ii
896 875 1066 941 admodum
1088 879 1166 940 suunt
1224 899 1238 932 r

167 965 305 1035 amulo
342 961 613 1029 Lacedaemonius
635 963 742 1026 eutem
756 960 927 1046 Agesilaus
940 960 1081 1044 nomine,
1096 981 1165 1024 non

200 1051 361 1134 potestate
382 1047 446 1112 fuit
459 1067 525 1131 rex,
548 1046 631 1111 sicut
651 1045 748 1110 ceteri
764 1043 923 1128 Spartani.
960 1066 999 1110 ex
1020 1045 1060 1110 iis
1077 1063 1165 1144 vero²

223 1133 257 1197 ui
290 1132 489 1198 dominatum
516 1130 561 1195 im
584 1130 651 1194 erio
685 1133 872 1213 tennerunt,
905 1128 1166 1194 excellentissim

238 1219 332 1281 erunt
375 1220 411 1281 ut
437 1234 498 1281 nos
519 1215 553 1279 iu
577 1213 711 1296 ‘camus,
733 1213 902 1278 Persarum
924 1213 1026 1297 Cyrus
1047 1216 1080 1278 et
1099 1212 1165 1277 De·

200 1301 284 1385 rius,
310 1265 464 1384 liystaspi
484 1297 585 1363 filins:
614 1313 750 1381 quorum
777 1301 913 1381 uterque
932 1297 1076 1382 privetur
1101 1297 1165 1360 rir-

200 1388 269 1449 tute
290 1401 426 1468 regnum
448 1385 497 1447 est
512 1381 654 1482 adeptus.
697 1381 787 1466 prior
807 1381 924 1447 horum
938 1381 1023 1466 apud
1045 1380 1164 1445 Massa·
1286 1415 1287 1460 r

200 1471 290 1553 getas
311 1467 347 1532 in
367 1466 491 1552 proelio
513 1467 641 1549 cecidit,
663 1463 781 1530 Darius
799 1470 961 1530 senectute
983 1465 1067 1529 diem
1082 1465 1165 1531 obiit

170 1561 394 1636 tsupremum.
430 1553 495 1616 tras
510 1549 925 1649 suntpraetereseiusdem
941 1550 1062 1648 gemtist
1084 1548 1164 1613 Xer·
1286 1609 1287 1616 ,

200 1647 259 1700 xes
278 1639 313 1700 ct
324 1635 387 1700 duo
401 1637 608 1717 Artarerrae,
622 1632 802 1698 Macrochir
816 1651 1009 1719 cognomine
1026 1638 1060 1698 et
1074 1632 1164 1698 Mne·
1286 1641 1287 1652 ¹

200 1733 285 1784 mon.
328 1717 427 1783 Xerxi
441 1717 578 1782 murima
601 1720 649 1782 est
669 1717 803 1802 illustre,
825 1717 911 1802 quod
928 1719 1076 1782 maximis
1113 1722 1165 1783 ost
1286 1747 1287 1750 ¹

199 1802 368 1868 hominum
382 1801 568 1866 memoriam
583 1800 775 1867 exercitibus
786 1804 873 1866 terra
887 1804 1031 1886 merique
1043 1739 1163 1866 heliam

170 1899 188 1950 c
201 1885 312 1952 intulit
326 1883 488 1952 Graeciae.
524 1889 558 1950 at
572 1883 753 1950 Macrochir
766 1885 970 1971 praecipuam
984 1887 1082 1951 habet
1095 1885 1163 1950 lau-

200 1971 273 2036 dem
294 1969 509 2055 amplissimae
536 1969 832 2054 pulcherrimaeque
859 1970 1004 2054 corporis¹
1029 1969 1163 2054 formae,

222 2073 296 2119 uam
318 2051 497 2119 incredibili
519 2053 648 2119 ornarit
674 2053 792 2118 virtute
818 2053 911 2118 belli:
940 2075 1078 2138 namque
1105 2054 1163 2132 illo

200 2077 313 2202 Persas
345 2157 440 2201 memo
473 2153 572 2202 manu
604 2137 668 2202 fuit
693 2136 819 2203 tortior.
867 2136 1022 2203 Mnemon
1055 2141 1163 2202 autem

199 2220 340 2285 iustitias
361 2219 449 2284 ferna
466 2221 583 2285 floruit
627 2237 703 2285 nom
724 2241 797 2286 cum
813 2222 925 2286 matris
947 2242 1023 2286 suae
1044 2222 1163 2287 scelere

200 2304 358 2369 amisisset
383 2322 530 2390 uxorem,
556 2307 683 2368 tantum
715 2304 849 2370 indulsit
874 2304 994 2389 dolori,
1026 2309 1063 2370 ut
1090 2327 1163 2370 eum

169 2387 303 2474 spietas
329 2388 480 2454 vinceret.
524 2405 563 2452 ex
590 2389 640 2453 his
668 2389 732 2454 duo
754 2388 865 2454 eodem
892 2390 1023 2455 nomine
1049 2391 1162 2456 morbo

199 2476 332 2538 maturae
360 2472 503 2538 debitum
528 2471 748 2538 reddiderunt:
783 2474 902 2538 tertius·
927 2473 968 2538 sb
996 2474 1162 2561 Artabano

200 2556 362 2642 praefecto
383 2555 470 2620 ferro
492 2556 704 2640 interemptus
726 2561 782 2623 est.

163 2640 185 2704 2
283 2637 334 2706 Ex
361 2633 573 2705 Macedonum
600 2644 707 2706 autem
735 2644 832 2726 gente
859 2641 923 2707 dno
950 2643 1052 2707 multo
1080 2647 1162 2706 cete·

199 2744 253 2788 ros
275 2727 513 2789 antecesserunt
534 2745 641 2789 rerum
662 2729 824 2810 gestarum
841 2725 960 2811 gloria:
981 2725 1162 2811 Philippus,
1286 2733 1287 2736 ’

199 2810 361 2891 Amyntae
382 2808 476 2890 iilius,
499 2810 533 2872 et
553 2808 735 2873 Alexander
755 2808 903 2894 Magnus.
946 2809 1062 2874 horum
1081 2810 1164 2874 alter

199 2891 367 2976 Babylone
393 2891 507 2957 morbo
536 2897 828 2977 consumptorem,
857 2893 1028 2992 Philippus
1050 2894 1163 2980 Aegiis

200 2997 220 3040 a
240 2974 416 3059 Pausania,
443 2996 516 3042 cum
538 2979 716 3060 spectatum
739 2976 832 3042 ludos
858 2978 921 3042 iret
963 2982 1053 3044 1uxta
1074 2977 1163 3043 thee·

169 3061 287 3123 rtrum
309 3060 431 3124 occisus
453 3063 509 3124 est.
552 3079 636 3124 unus
656 3059 815 3144 Epirotes,
837 3027 990 3146 Pyrrhus,
1012 3063 1068 3146 qui
1090 3083 1163 3127 cum

199 3142 321 3227 populo
353 3141 500 3208 Romano
532 3143 674 3208 bellavit.
723 3145 750 3209 is
779 3165 851 3210 cum
872 3149 979 3231 Argos
1009 3145 1163 3244 oppidum

200 3230 403 3311 oppugnaret
436 3228 471 3289 in
503 3225 582 3290 Pelo
606 3247 743 3311 emmeno,
776 3228 882 3327 lapide
916 3231 997 3295 ictus
1029 3229 1162 3295 mteriit

200 3331 283 3376 unus
304 3310 383 3376 item
404 3307 545 3394 Siculus,
572 3248 747 3395 Iiionysius
768 3332 866 3395 prior.
910 3335 986 3378 nam
1011 3317 1043 3392 et
1065 3334 1163 3379 manu

199 3393 293 3459 fortis
321 3397 355 3458 et
381 3394 456 3460 belli
477 3393 599 3478 peritus
626 3394 758 3480 fuitei,
785 3395 819 3468 id
845 3397 931 3480 quod
960 3398 996 3461 in
1023 3401 1163 3482 tyranno

199 3495 268 3543 non
288 3477 383 3544 facile
404 3479 580 3564 reperitur,
602 3480 734 3545 minime
755 3479 961 3564 libidinosus,
983 3502 1050 3548 non
1072 3480 1164 3547 luxu-
