2590 3946
203 213 246 278 48
476 226 552 274 ¹111.
590 221 803 274 cruciacus.
825 219 850 269 a.
871 219 897 270 c.

173 367 288 430 aesset
313 383 371 447 per
397 382 451 426 eoa
473 361 590 425 amissa
609 381 704 446 posse
730 358 921 443 recuperari.
964 358 990 420 ii
1016 377 1088 422 cum
1114 355 1176 424 Sa·

203 469 293 514 mum
307 445 444 531 profecti
459 447 566 542 essent
579 447 622 541 et,
633 442 745 510 eodem
760 442 1020 540 Chmesillomm
1030 440 1176 539 adventu

204 532 335 618 ⁰⁰5¹&
357 524 1175 678 ⁰¹¹mdt¹⁵iitr¹tidr⁰didii⁰⁸dhnh‘¹th

204 620 511 798 dplptreopiiirgddrent,
525 699 563 762 ut
576 661 697 794 magud
707 660 881 779 tempesdss
895 696 1054 760 oreretur:
1074 715 1174 778 quam

205 788 325 850 evitare
346 781 410 848 duo
432 784 555 847 veteres
574 782 783 864 imperatores
804 779 885 844 utile
899 777 1045 844 arbitrati
1081 799 1174 844 suam
1279 777 1280 808 ³

173 882 192 930 a
207 869 340 934 classem
354 867 609 950 suppresserunt
645 867 679 930 at
695 863 1025 928 ille'temerariauaus
1045 862 1174 927 ratione

205 973 274 1018 non
301 950 397 1016 cessit
421 949 580 1016 maiorum
605 951 686 1014 natu
711 947 910 1030 auctoritati,
942 946 1087 1012 velutin
1114 967 1174 1011 sua

167 1115 170 1121 ¹
206 1057 305 1102 manu
342 1037 425 1100 esset
459 1033 600 1098 fortuna.
662 1052 727 1116 quo
760 1031 983 1114 contenderat,
1014 1031 1172 1115 pervenit,

205 1119 381 1202 eodemque
411 1121 449 1183 ut
475 1119 699 1202 sequerentur,
727 1115 767 1184 ad
794 1115 999 1182 Timotheum
1027 1118 1059 1182 et
1084 1114 1172 1199 Iphi-

205 1207 316 1268 craten
335 1201 487 1268 nuntium
512 1201 610 1266 misit.
650 1201 727 1265 hine
747 1201 832 1266 male
853 1221 888 1265 re
910 1203 1009 1285 gesta,
1031 1198 1172 1283 complu-

161 1297 164 1302 '
205 1287 295 1352 ribus
323 1287 448 1352 amissis
476 1285 612 1350 naribus
640 1305 696 1368 eo,
723 1283 808 1348 unde
839 1286 908 1349 erat
932 1282 1111 1369 profectus,
1137 1305 1172 1348 se
1279 1299 1280 1362 j

205 1371 327 1456 recepit
340 1371 527 1453 litterasque
541 1368 829 1466 Athenaapublice
842 1367 940 1452 misit,
955 1367 1016 1434 sibi
1030 1367 1172 1452 proclive
1279 1373 1280 1426 ἒ

205 1455 306 1520 fuisse
328 1452 459 1519 Samum
481 1473 608 1538 cepere,
634 1473 698 1517 ms1
719 1475 739 1518 a
764 1451 935 1518 Timotheo
959 1454 992 1518 et
1011 1451 1172 1536 Iphicrate

175 1539 351 1604 cdesertus
378 1540 469 1604 esset.
517 1537 657 1622 populus
684 1557 758 1604 acer
804 1536 951 1620 suspicax
976 1537 1018 1601 oh
1039 1556 1171 1620 eamque

206 1644 274 1688 rem
293 1622 423 1688 mosas
447 1621 657 1703 adversarius,
679 1585 807 1686 invidus
830 1619 939 1707 [essm
952 1621 1116 1704 potentiae
1136 1620 1172 1686 in

206 1706 330 1772 crimen
343 1672 552 1791 vocahantur]
575 1704 706 1769 domum
726 1706 871 1769 revocat:
893 1708 1084 1770 accusantur
1098 1726 1172 1790 pro-

208 1790 349 1856 ditionis.
385 1789 448 1856 hoc
461 1788 580 1853 iudicio
596 1786 967 1866 damnathimotheus
984 1789 1088 1870 lisque
1103 1789 1171 1854 eius

208 1873 393 1940 aestimatur
414 1876 544 1939 centum
563 1872 704 1938 talentis.
754 1871 811 1936 ille
833 1871 906 1938 odio
928 1874 1074 1958 ingratae
1096 1873 1171 1938 eiri-
1279 1919 1280 1928 η

206 1959 284 2024 tatis
306 1959 435 2024 coactus
456 1955 641 2023 Chalcidem
662 1978 696 2022 se
717 1955 864 2023 contulit.

171 2043 192 2104 4
289 2041 396 2108 Huius
425 2044 502 2125 post
532 2043 668 2106 mortem
701 2061 774 2106 cum
803 2061 846 2125 po
870 2040 961 2106 ulum
989 2041 1099 2121 iudicii
1120 2041 1171 2108 sui

207 2062 1171 2295 scasaccesserimus

207 2298 274 2358 tem
287 2290 491 2357 reficiendam
505 2256 599 2358 iussit
613 2292 697 2358 dere.
733 2258 768 2358 in
790 2313 855 2378 quo
869 2293 1019 2358 fortunae
1033 2294 1172 2360 varietas

208 2379 257 2442 est
278 2376 507 2442 animadversa.
560 2397 636 2444 nam
656 2397 738 2461 quos
760 2397 838 2442 avus
860 2376 975 2445 Oonon
1001 2399 1110 2444 muros
1132 2400 1172 2444 ex

208 2461 351 2527 hostium
363 2460 483 2559 praeda
495 2459 619 2558 patriae
633 2461 826 2560 ¹restituerat,
842 2462 969 2527 eosdem
982 2483 1084 2561 nepos
1099 2483 1171 2530 cum

177 2545 707 2694 mamam
727 2545 1171 2728 :presentari

208 2715 313 2796 hsque
334 2715 420 2778 vitae
441 2733 515 2778 cum
527 2712 681 2797 pleraque
694 2734 853 2798 possimus
872 2713 1016 2798 proferre
1030 2715 1171 2782 testimo-
1279 2705 1280 2760 ³

209 2796 279 2880 nia,
301 2817 368 2861 uno
391 2797 508 2863 erimus
530 2797 688 2882 contenti,
711 2797 797 2881 quod
819 2820 858 2864 ex
880 2819 917 2864 co
939 2798 1034 2864 facile
1055 2799 1172 2866 eoniici

208 2880 344 3028 poterit,
373 2901 471 2964 quam
492 2901 584 2947 carus
606 2881 671 2948 suis
692 2879 799 2948 fuerit.
843 2904 916 2948 cum
937 2883 1074 2950 Athenis
1096 2885 1171 2952 adu·

224 2963 404 3030 escentulus
426 2985 553 3030 carosam
579 2965 711 3050 diceret,
732 2986 800 3035 non
821 2967 926 3033 solum
946 2968 1040 3034 amici
1066 2969 1171 3054 priva·

208 3047 298 3144 tique
312 3048 456 3132 hospites
477 3049 517 3114 ad
532 3071 606 3114 eum
620 3049 853 3116 defendendum
867 3058 1095 3140 convenerunt,
1117 3054 1171 3120 sed

211 3135 308 3197 eham
329 3133 365 3195 in
379 3133 425 3197 eis
439 3133 544 3218 Iason,
565 3136 723 3218 tyrannus
737 3135 930 3224 Thessaliae,
952 3139 1007 3221 qui
1022 3140 1079 3204 illo
1093 3143 1171 3206 tem-

180 3227 290 3300 apore
310 3214 375 3280 fuit
396 3217 539 3282 omnium
560 3218 809 3302 potentissimus.
852 3220 906 3286 hic
928 3242 999 3288 cum
1018 3223 1053 3288 in
1090 3225 1172 3292 atria

209 3301 278 3366 sine
300 3299 492 3366 satellitibus
513 3306 672 3368 actutum
693 3325 761 3369 non
782 3305 1004 3392 arbitraretur,
1026 3311 1057 3372 A
1095 3329 1170 3374 enas
1279 3359 1280 3364 η

209 3385 279 3450 sine
300 3384 367 3450 ullo
388 3383 548 3470 praesidio
570 3386 660 3454 venit
679 3389 825 3488 tantique
846 3390 1006 3475 hospitem
1027 3392 1113 3478 fecit,
1135 3395 1171 3458 ut
1279 3427 1280 3446 κ

210 3467 320 3534 mallet
341 3490 375 3537 se
396 3470 510 3556 eapitis
528 3470 705 3556 periculum
723 3474 810 3540 edire
830 3495 926 3558 quam
940 3473 1109 3544 Timotheo
1131 3475 1170 3542 de
1279 3449 1280 3504 ἶ
