2606 3940
204 223 267 288 104
494 232 578 284 xxv.
619 230 774 282 srrrcus.
796 227 872 284 r-e‚

204 375 308 439 eastra
322 372 398 435 sunt
411 366 523 451 secuti,
543 368 662 452 partim
676 387 801 432 summa
814 386 887 431 oum
907 366 975 431 eius
990 365 1170 434 offensione

172 456 293 522 ademi
314 454 545 519 remanserunt
588 451 689 516 Attici
711 454 818 516 antem
839 449 930 534 quies
956 451 1048 514 tanto
1071 470 1170 534 opere
1283 501 1284 514 ,

204 538 334 606 &esan
354 536 418 602 fuit
439 537 544 621 grata,
566 538 603 600 nt
627 536 744 632 vietor,
766 555 840 600 oum
860 533 994 618 privatis
1014 535 1169 617 pecunias

204 645 263 710 per
289 643 307 688 s
329 621 441 687 istolas
468 621 654 704 imperaret,
685 619 761 684 hmo
788 638 856 683 norr
882 618 987 682 solum
1014 618 1170 684 molestus
1283 675 1284 702 3

205 728 273 774 non
336 706 413 788 erit,
440 703 496 770 sed
518 703 615 768 etiam
642 703 761 783 sororis
787 701 890 767 lilium
917 705 950 767 et
977 699 1014 778 Q.
1043 700 1169 768 Oiasso·

204 813 280 858 nem
302 811 341 856 ex
362 787 510 872 Pompeii
536 787 647 853 eastris
679 786 880 852 concesserit
923 785 969 850 sie
991 788 1098 852 vetere
1120 788 1169 851 in·

205 876 318 942 stituto
340 873 426 938 vites
448 871 561 956 effugit
580 892 667 937 nova
686 870 839 954 pericula.

170 961 190 1026 8
290 957 443 1024 Secutum
469 958 518 1020 est
544 955 626 1020 illud
646 957 772 1038 tempus
799 955 904 1020 eooiso
926 954 1077 1037 Caesare,
1104 975 1168 1039 qno

205 1064 257 1110 res
278 1041 407 1126 publiea
428 1060 527 1125 penes
544 1037 664 1106 Brutos
685 1039 846 1104 videretur
867 1059 936 1104 esse
958 1042 991 1103 et
1012 1038 1168 1122 Gessium,

176 1143 245 1192 rae
265 1129 335 1191 tota
356 1123 468 1190 eivitm
490 1143 523 1189 se
545 1124 586 1189 ad
607 1143 662 1190 eos
677 1122 871 1188 convertisse
893 1121 1087 1270 {videretur}
1123 1122 1170 1187 sie

207 1209 252 1276 M.
267 1211 369 1274 Bruto
392 1229 468 1274 usus
490 1210 539 1274 est
579 1207 728 1273 utnulla
755 1206 812 1272 ille
832 1206 895 1272 adn
908 1227 1018 1272 essens
1042 1207 1171 1290 aequali

163 1322 165 1327 ·
208 1293 398 1360 familiarius
441 1312 515 1357 uam
536 1256 599 1356 troo
620 1311 839 1374 sene,·neque
861 1290 966 1355 solum
988 1311 1061 1355 eum
1082 1291 1170 1374 prin-

177 1380 312 1462 aeipem
339 1376 426 1442 eons'
444 1376 463 1391 '⁸
492 1376 638 1458 haberet,
663 1375 719 1440 sed
740 1374 837 1439 etiam
859 1376 894 1439 in
915 1375 1073 1440 commotu.
1118 1395 1170 1439 ex-

207 1463 385 1548 cogitatum
412 1463 461 1525 est
487 1480 508 1524 a
534 1458 738 1544 quibusdam,
766 1463 803 1524 ut
850 1459 989 1524 nuatum
1010 1459 1170 1524 aerarium

207 1545 353 1613 Caesaris
374 1543 634 1610 interfeotoribus
660 1545 701 1608 ab
729 1480 890 1626 equitidus
911 1542 1066 1607 Romanis
1094 1563 1170 1608 eon·

207 1630 401 1696 stitueretur.
444 1627 479 1692 id
504 1627 600 1692 fenile
626 1626 711 1691 effici
731 1647 826 1710 posse
850 1627 996 1692 arbitrati
1022 1629 1113 1709 sunt,
1142 1629 1170 1692 si

207 1715 370 1798 principes
392 1713 461 1778 eius
483 1711 604 1778 ordinis
625 1711 776 1795 peeunias
798 1710 1017 1777 eontulissent
1060 1711 1170 1795 itaque

208 1799 387 1881 appellatus
410 1799 457 1860 est
478 1816 497 1860 a
519 1794 554 1860 0.
576 1793 704 1878 Flauio,
728 1793 821 1860 Bruti
842 1794 1009 1879 familiari,
1031 1795 1169 1878 Atticus,

178 1885 246 1947 out
267 1881 334 1947 eius
355 1880 402 1944 rei
423 1880 572 1963 princeps
594 1899 663 1944 esse
684 1877 791 1944 vellet.
834 1883 869 1944 at
888 1879 959 1961 ille,
985 1879 1041 1963 qui
1063 1879 1170 1945 officia

208 1965 319 2031 amieis
345 1963 537 2049 praestanda
557 1962 628 2029 sine
648 1962 789 2028 faotione
816 1962 1012 2028 existimaret
1032 1983 1169 2047 semper-

209 2070 270 2133 que
293 2071 313 2114 a
333 2048 451 2114 talibus
476 2068 511 2113 se
538 2046 680 2113 consiliis
702 2047 904 2131 removisset,
931 2046 1112 2144 respondit:
1142 2049 1170 2112 si

209 2132 287 2217 quid
308 2131 431 2197 Brutus
451 2131 491 2197 de
511 2132 577 2197 suis
599 2131 805 2196 facultatibus
832 2131 880 2196 uti
902 2130 1070 2214 volmssst,
1097 2153 1157 2196 usu

208 2237 294 2298 rum,
317 2219 474 2362 spirantum,
495 2235 550 2279 eae
571 2217 773 2297 paterentur,
795 2215 850 2279 sed
871 2234 976 2298 neque
997 2234 1070 2281 oum
1092 2236 1170 2299 quo·

209 2319 305 2385 quam
349 2319 419 2363 eea
433 2317 467 2362 re
481 2297 715 2368 collocuturum
731 2318 837 2382 neque
851 2299 1019 2364 eoiturum.
1054 2299 1100 2364 sie
1114 2299 1170 2364 ille

209 2381 430 2450 consensionis
451 2382 567 2467 globus
587 2381 684 2447 huius
695 2381 794 2447 unius
808 2381 1006 2448 dissensione
1021 2382 1171 2448 disiectus

179 2480 196 2530 a
211 2471 268 2534 est.
304 2487 409 2550 neque
422 2467 524 2532 multo
562 2469 613 2531 ost
627 2466 773 2551 superior
787 2486 854 2531 esse
876 2467 983 2550 eoepit
996 2467 1170 2551 Antonius,

209 2553 256 2617 ita
277 2555 314 2617 ut
335 2549 456 2616 Brutus
483 2552 516 2615 et
536 2487 666 2615 densius
687 2550 805 2614 omissa
825 2570 901 2615 eura
944 2550 1170 2635 rovineiarum,

210 2655 292 2719 quae
314 2635 354 2699 iis
375 2633 454 2699 diois
476 2653 571 2698 eausa
584 2633 678 2699 datae
692 2637 785 2698 arant
797 2654 819 2699 a
832 2571 973 2717 conside,
995 2633 1170 2718 desperetis

179 2719 305 2784 erebus
325 2718 362 2783 in
376 2717 506 2783 exilium
520 2717 806 2802 proficiscerentur.
842 2717 979 2802 Atticus,
1000 2719 1057 2802 qui
1075 2739 1170 2803 pseu·
1283 2791 1284 2800 χ

210 2803 299 2868 niam
330 2801 426 2867 simul
454 2821 527 2867 oum
554 2801 667 2868 esteris
694 2801 840 2867 conferre
867 2801 1016 2868 noluerat
1041 2803 1170 2869 florenti

210 2886 259 2952 illi
280 2885 375 2969 parti,
397 2885 522 2951 abieoto
544 2883 647 2952 Bruto
663 2884 821 2983 Italiaque
842 2886 968 2951 sedenti
989 2887 1171 2952 sestertium
1283 2941 1284 2944 ι

210 2971 339 3035 eentum
359 2969 450 3034 milia
470 2970 596 3036 muneri
617 2969 714 3034 misit.
753 2969 856 3034 erdem
876 2969 913 3035 in
933 2969 1034 3054 Epiro
1055 2970 1170 3036 absens

209 3058 353 3120 trecenta
379 3053 473 3120 iussit
498 3053 582 3138 deri,
613 3074 718 3138 neque
747 3074 786 3118 eo
813 3054 916 3140 magis
942 3055 1069 3140 potenti
1090 3054 1170 3140 ,udu-

210 3138 294 3208 latue
316 3140 365 3202 est
385 3138 531 3205 Antonio
553 3158 657 3222 neque
679 3137 862 3220 desperatos
883 3138 942 3204 reli
965 3140 1023 3204 uit.

173 3221 194 3285 9
293 3219 444 3288 Secutum
466 3225 515 3287 eet
535 3221 656 3286 bellum
677 3225 803 3306 gestum
823 3223 909 3306 apud
965 3224 1098 3288 utinam.
1135 3223 1171 3289 in

232 3326 275 3372 uo
297 3306 474 3371 sitantum
496 3326 569 3372 eum
590 3305 780 3390 prudentem
802 3305 914 3389 diuam,
936 3307 1052 3391 minus,
1075 3326 1172 3390 quam

210 3327 358 3473 debeam,
379 3388 574 3487 praedicem,
602 3411 675 3455 oum
696 3390 752 3454 ille
772 3391 881 3474 potius
910 3382 1037 3456 divinus
1063 3391 1171 3474 fuerit,
1283 3465 1284 3470 ἵ

210 3473 238 3534 ei
253 3472 409 3538 divinatio
425 3473 616 3558 appellando
633 3478 682 3541 est
694 3477 849 3559 perpetua
863 3474 1019 3538 naturalis
1033 3473 1171 3558 bonitss,
1244 3471 1249 3486 '
1283 3497 1284 3508 ¹

159 3810 218 3824 Α

19 3831 20 3836 ’
112 3847 257 3898 ι-ι
