2606 3940
422 237 521 287 xvur.
565 237 738 286 rennues.
763 233 786 282 ι.
1041 222 1081 287 'll

80 411 82 414 ·
120 374 227 460 regios
254 377 336 439 esset
364 372 501 458 perlata,
529 372 675 438 celeriter
702 391 836 437 munera
863 391 902 437 eo
930 372 1083 458 cuiusque

144 458 247 524 eneris
269 461 344 523 sunt
366 457 473 522 allata.
509 456 561 521 his
583 456 810 540 quaerentibus
824 456 1013 541 Agesilaum
1029 458 1082 522 vix

121 479 198 607 ides
212 542 298 608 facta
315 545 372 624 est,
394 563 495 606 unum
510 561 577 606 esse
597 562 636 606 ex
650 541 700 624 iis,
722 541 779 623 qui
791 543 861 606 tum
876 542 1083 606 accubabant

121 627 177 711 qui
204 647 277 692 cum
298 647 332 690 re
358 628 383 689 's
405 625 509 690 verbis
531 645 612 724 quae
634 625 810 690 attulerant
830 623 1005 709 dedissent,
1027 625 1114 690 illel

122 714 247 794 praeter
269 647 439 775 vitulinam
467 713 499 775 et
521 709 677 774 eiusmodi
698 729 817 794 genera
839 709 980 793 obsonii,
1003 731 1084 793 quae

121 816 271 878 praesens
285 800 412 877 tempus
427 792 633 878 desiderabat,
652 793 735 858 nihil
750 793 885 876 accepit:
908 797 1082 879 unguenta,

122 899 257 944 coronas
272 878 504 961 secundamque
519 899 662 962 mensam
677 878 777 941 servis
793 876 960 962 dispertiit,
978 882 1085 943 cetera

122 963 235 1027 referri
263 962 364 1026 iussit.
408 982 471 1045 quo
498 962 584 1026 lacto
612 983 685 1025 eum
706 961 833 1026 barbari
861 962 963 1048 magis
986 962 1113 1027 etiams

122 1049 393 1144 contempserunt,
417 1044 503 1130 quod
519 1066 592 1109 eum
606 1045 791 1130 ignorantia
805 1047 964 1110 bonarum
978 1066 1083 1112 rerum

122 1131 179 1195 illa
223 1131 401 1195 onesimum
429 1129 601 1213 sumpsisse
623 1129 870 1194 arbitrabantur.

242 1215 268 1279 ‘c
295 1235 368 1279 cum
395 1235 434 1279 ex
459 1215 608 1298 Aegypto
641 1217 868 1296 reverteretur,
901 1214 1038 1279 donatus
1064 1227 1114 1280 ae

125 1319 197 1384 rege
216 1297 436 1364 Nectanabide
458 1298 603 1362 ducentis
625 1297 742 1382 viginti
763 1297 903 1380 blentis,
926 1319 1007 1381 quae
1029 1298 1085 1362 ille

123 1381 1084 1550 tritinsiumitlti‘tfflll‘lfflul

123 1553 158 1616 in
179 1551 327 1615 morbum
348 1515 522 1633 implicitus
542 1548 684 1614 decessit
729 1549 775 1634 ibi
796 1569 870 1614 eum
891 1486 1003 1632 emili
1019 1516 1120 1633 qud?

124 1635 272 1719 Spartam
302 1633 429 1699 facilius
461 1632 602 1718 perferre
628 1636 775 1717 possent,
809 1632 896 1716 quod
925 1633 990 1697 mel
1017 1654 1086 1698 non

123 1719 293 1866 hralbebant,
316 1739 388 1784 cera
402 1716 675 1785 circumfuderunt
692 1721 788 1802 atque
811 1717 857 1782 ita
871 1717 1001 1782 domum
1023 1721 1085 1783 ret

124 1809 159 1868 tu
173 1806 276 1868 erunt.

505 1988 704 1998 -m

392 2155 524 2231 XVIII.
568 2153 805 2230 EUMENES.

207 2303 367 2372 Eumenes
389 2303 574 2370 Cardianus.
617 2303 713 2368 huius
741 2305 768 2367 si
787 2302 900 2368 virtuti
929 2324 988 2388 par
1014 2303 1117 2369 dale]

124 2392 208 2455 esset
237 2389 384 2471 fortuna,
411 2408 480 2453 non
511 2388 566 2451 ille
593 2387 722 2470 quidem
753 2387 870 2470 maior,
900 2387 956 2450 sed
982 2388 1085 2452 multo

123 2471 281 2538 illustrior
300 2474 396 2555 atque
419 2471 516 2534 etiam
536 2471 742 2552 honoratior,
764 2470 851 2552 quod
871 2489 1007 2554 magnos
1028 2470 1086 2535 ho·

124 2559 227 2622 mines
241 2556 359 2620 virtute
373 2552 532 2638 metimur,
554 2574 621 2618 non
635 2553 776 2619 forbrna.
819 2574 895 2618 nam
910 2574 983 2618 cum
997 2557 1116 2620 actast

124 2641 192 2706 eius
213 2639 376 2705 incidisset
396 2639 432 2703 in
454 2659 491 2704 ea
510 2641 665 2736 tempora,
688 2637 804 2721 quibus
818 2635 1008 2703 Macedones
1030 2637 1087 2702 llo-

124 2727 246 2808 rerent,
277 2723 415 2787 multum
442 2724 472 2786 ei
494 2722 632 2788 detraxit
652 2725 738 2786 mter
764 2741 819 2786 eos
840 2721 977 2805 viventi,
1000 2722 1086 2807 quod

114 2808 246 2873 xalienae
268 2810 337 2872 erat
358 2807 512 2904 civitatis,
533 2827 638 2889 neque
660 2804 747 2870 aliud
767 2804 843 2869 huic
865 2805 968 2870 defuit
989 2827 1086 2890 quam

124 2911 280 2977 generosa
300 2891 341 2955 sti
380 2911 406 2955 s.
449 2894 510 2955 etsi
536 2890 591 2954 ille
614 2889 787 2955 domestico
816 2911 939 2955 summo
968 2903 1116 3038 poneres

124 2978 201 3057 erat,
222 2978 332 3038 tamen
389 2975 543 3039 acedones
565 2994 638 3039 eum
660 2974 721 3038 sibi
736 2972 910 3057 aliquando
932 2994 974 3038 an
990 2975 1087 3058 eponi

123 3058 256 3142 indigne
270 3057 426 3141 ferebant,
448 3079 552 3142 neque
566 3062 676 3122 tamen
689 3078 757 3123 non
771 3057 991 3141 patiebantur:
1017 3059 1087 3123 vin·

124 3143 223 3208 cebet.
238 3141 326 3206 enim
348 3162 458 3205 omnes
479 3161 569 3226 cura,
598 3140 781 3226 vigilantia,
803 3141 977 3227 patientia,
999 3142 1086 3207 calli·

7 3247 9 3256 ’
124 3228 222 3292 dilate
244 3229 278 3290 et
298 3223 459 3289 celeritate
481 3225 613 3311 ingenii.

207 3308 270 3374 Hic
285 3307 598 3392 peradulescentulus
615 3309 656 3374 ed
669 3308 842 3374 amicitiam
859 3309 992 3374 secessit
1009 3308 1115 3372 Phi-s

124 3395 219 3478 lippi,
244 3395 405 3540 Ampntse
432 3391 505 3490 filii,
532 3393 686 3515 brevique
707 3397 852 3490 tempore
871 3393 914 3489 'in
938 3392 1087 3490 intimam

42 3552 44 3558 7
123 3481 271 3564 pervenit
313 3475 564 3542 amrlrantatem.
591 3476 737 3560 fulgebat
758 3497 843 3541 emm
868 3495 933 3539 sam
954 3495 990 3539 sn
1011 3473 1086 3541 edu·
