2590 3946
415 228 463 276 xi.
490 226 707 277 irnicanrns.
730 225 755 274 1.
776 225 802 275 a.
1047 211 1089 278 43

127 365 223 429 natus
250 366 307 428 est.
351 361 435 427 diem
463 363 544 428 obiit
570 363 695 428 circiter
725 383 828 427 annos
855 362 908 510 (ξ’
932 362 1090 447 quaginta

128 451 239 531 natus,
261 451 411 531 quartum
430 451 506 531 post
526 468 662 532 annum,
685 468 780 530 quam
802 467 842 512 ex
891 446 1088 530 eloponncsc

128 533 164 596 in
185 530 327 600 Siciliam
348 531 496 598 redierat.
1006 595 1017 605 ,
1078 590 1081 596 .

507 737 712 750 *nnana—aua·—

404 889 465 964 Xl.
517 885 810 967 IPHIORATES.

213 1039 388 1123 Iphicrates
402 1038 621 1136 Atheniensis·
632 1059 700 1136 non
718 1043 785 1138 tam
799 1039 1021 1138 magnitudine
1042 1059 1090 1108 rea
1109 1042 1125 1105 l

222 1128 394 1306 sarri
415 1123 1091 1292 uuturarrrrb

128 1313 200 1358 cum
222 1314 335 1376 prmus
356 1296 602 1376 compararetm,
624 1292 680 1356 sed
699 1313 741 1358 ne
756 1292 794 1357 de
815 1295 991 1358 maonbus
1011 1296 1091 1358 natu

128 1375 257 1459 quidem
284 1377 453 1460 quisquam
479 1380 736 1461 anteponeretrr.
786 1377 924 1444 multum
950 1398 1028 1446 vero
1053 1379 1120 1442 ina

127 1461 214 1525 bello
237 1464 285 1525 est
311 1464 470 1544 versatus,
502 1475 597 1543 saepe
624 1461 813 1527 exercitibus
834 1461 989 1546 praefuit,
1016 1483 1091 1527 nus-

128 1565 225 1627 quam
247 1545 341 1627 culpa
362 1544 444 1608 male
471 1564 540 1608 rem
566 1544 679 1629 gessit,
705 1565 830 1628 semper
851 1546 986 1611 consilio
1013 1546 1092 1611 vicit

126 1632 317 1712 tantamque
340 1649 378 1694 eo
400 1627 511 1712 valant,
534 1632 571 1694 ut
591 1628 693 1694 multa
713 1629 747 1693 in
770 1649 804 1692 re
826 1628 1091 1713 milita1ipartim

126 1734 214 1777 nova
234 1712 389 1797 attulerit,
410 1712 529 1797 partim
550 1713 684 1778 meliora
703 1712 825 1778 fecerit.
868 1733 1007 1796 namque
1034 1713 1090 1778 ille

127 1795 285 1880 pedestria
299 1818 389 1862 arma
401 1797 547 1862 mumvit.
584 1818 657 1862 cum
671 1801 745 1862 ante
757 1797 849 1862 illum
863 1797 909 1862 im
932 1801 1120 1862 aratoreme

127 1881 274 1946 maximis
295 1881 415 1964 clipeis,
436 1881 586 1946 brevibus
606 1881 717 1964 hastis,
738 1881 871 1946 minutis
885 1820 1001 1964 gfadiis
1021 1885 1121 1947 ute-4

127 1966 255 2048 rentur,
282 1964 336 2028 ille
363 1965 569 2028 econtrario
614 1965 711 2028 eltam
732 1986 792 2048 pro
818 1985 931 2048 parma
951 1964 1030 2029 fecit
1056 1965 1091 2050 (a

128 2069 192 2131 quo
218 2051 330 2131 postea
356 2047 510 2132 peltastae
536 2071 558 2132 p
610 2051 659 2112 tes
687 2047 962 2133 appellabantur),
991 2050 1029 2112 ut
1050 2047 1091 2112 ad

127 2134 234 2198 motus
256 2153 491 2217 concursusque
519 2134 626 2204 essent
645 2131 798 2229 leviores,
825 2131 937 2196 hastae
958 2131 1090 2198 modum

127 2215 310 2301 duplicavit,
333 2217 456 2302 gladios
477 2217 640 2302 longiores
654 2217 741 2283 fecit.
783 2215 869 2281 rdem
890 2236 993 2301 genus
1014 2217 1091 2281 lori·

127 2322 237 2365 carum
257 2304 290 2365 et
310 2322 369 2385 pro
391 2301 484 2366 sertis
505 2305 602 2384 atque
624 2301 713 2366 a'e'nis
734 2301 851 2366 linteas
876 2299 972 2365 dedit.
1024 2321 1089 2384 quo

127 2383 213 2448 facto
236 2384 446 2467 expeditiores
467 2385 585 2449 milites
606 2383 759 2449 reddidit:
780 2406 857 2450 nam
874 2384 1015 2468 pondere
1036 2383 1090 2447 de-

126 2471 252 2616 tracto,
281 2467 367 2551 quod
399 2488 499 2551 aeque
531 2489 647 2552 corpus
674 2471 798 2552 tegeret
831 2470 864 2532 et
890 2468 960 2532 leve
996 2471 1089 2551 esset,

127 2573 261 2617 curam.

210 2634 339 2701 Bellum
359 2655 432 2700 cum
454 2634 631 2699 Thracibus
651 2635 759 2719 gessit,
781 2633 934 2700 Seuthem
966 2633 1126 2699 socium2

114 2719 389 2806 Atheniensium,
426 2719 462 2782 in
494 2739 631 2802 regnum
664 2718 814 2783 restituit.
864 2683 950 2802 apud
976 2716 1089 2784 Corin-

125 2805 219 2872 thum
244 2805 336 2868 tanta
363 2803 532 2868 severitate
559 2801 713 2866 exercitui
738 2801 893 2886 praefuit,
922 2805 959 2868 ut
978 2801 1088 2866 nullae

126 2889 335 2985 umquam-in
357 2887 490 2984 Graecia
506 2907 615 2983 neque
637 2885 873 2984 exercitatiores
894 2886 1012 2982 ,copiae
1032 2906 1088 2950 ne·

76 3119 84 3129 ,
125 2969 875 3138 castrametantem,trs
890 2981 1117 3150 araur

124 3138 318 3222 imperatore
340 3142 423 3203 esset
436 3139 556 3222 datum,
578 3139 647 3202 sine
669 3137 758 3203 ducis
780 3157 878 3236 opera
899 3158 945 3201 src
962 3136 1088 3201 ordme-

124 3226 177 3288 tae
191 3221 417 3305 consisterent,
439 3225 476 3287 ut
496 3221 616 3306 singuli
638 3244 658 3287 a
678 3221 873 3306 peritissimo
893 3221 939 3284 im
962 3225 1086 3285 aratore

124 3306 272 3390 dispositi
293 3305 486 3370 viderentur.
533 3304 596 3371 hoc
623 3307 764 3371 exercitu
784 3325 908 3370 moram
930 3243 1118 3368 decadae-:3

123 3391 307 3488 moniorum
327 3389 502 3488 interfecit,
531 3388 617 3536 pauori
637 3390 775 3454 maxime
799 3393 870 3453 tota
891 3387 1086 3484 celebratum

123 3477 173 3540 est
187 3474 330 3542 Graecia.
368 3477 485 3540 iterum
500 3493 537 3538 ec
561 3493 611 3536 em
624 3473 711 3538 bello
727 3492 837 3538 omnes
852 3490 1087 3554 cupressorum
