2590 3946
196 199 237 263 10
451 211 489 263 u.
519 211 793 263 rnnursrocnus.
814 209 889 262 4-e.

194 352 292 431 reret,
314 351 412 413 noctu
435 346 473 411 de
487 347 587 412 servis
601 348 667 412 suis
686 369 781 431 quem
802 348 915 414 habuit
935 347 1155 415 fidelissimum

194 432 235 498 ad
257 452 365 518 regem
386 431 488 513 misit,
516 435 553 496 ut
575 431 604 495 ei
625 431 790 498 nuntiaret
810 432 876 496 suis
898 433 1017 515 verbis,
1045 433 1154 498 adver·

165 517 296 582 orarios
318 516 386 580 eius
407 515 442 580 in
464 514 499 580 fu
523 535 638 580 cesse:
662 516 766 599 quisi
788 515 1012 598 discessissent,
1034 517 1154 582 maiore

195 623 269 666 curn
296 600 405 665 lebore
439 604 472 664 et
500 535 731 684 longinquiore
759 603 902 696 tempore
929 600 1049 664 bellum
1080 621 1154 666 con-

195 684 369 767 fecturum,
402 704 474 748 cum
496 682 641 768 singulos
666 687 843 748 consectam
864 687 1045 768 cogeretur:
1074 705 1154 766 quos
1282 689 1286 716 ⁴

195 769 223 833 si
244 767 354 834 stetim
368 787 410 851 ag
450 766 603 849 ederetur,
626 767 715 831 brevi
730 767 896 832 universos
919 788 1153 851 oppressurum.

195 852 257 916 hoo
280 872 317 916 eo
340 850 410 915 vole
433 854 476 932 ot,
499 854 535 914 ut
549 850 697 935 ingratiis
718 849 759 915 ad
773 852 1022 936 depugnandum
1044 873 1154 916 omnes

165 938 395 1021 ocogerentur.
439 934 500 998 hac
521 954 556 997 re
578 933 686 998 audita
707 934 869 1018 barbarus,
891 934 974 1000 nihil
996 934 1061 1000 doli
1082 936 1155 1000 sub·

197 1040 264 1084 esse
286 1019 426 1100 credens,
448 1016 603 1101 postridie
630 1017 824 1083 alienissimo
847 1018 908 1082 sibi
929 1019 1015 1102 loco,
1044 1024 1155 1084 contro

195 1101 468 1186 opportunissimo
483 1101 630 1166 hostibus
651 1101 729 1166 adeo
746 1105 883 1199 angusto
905 1102 986 1167 mari
1001 1103 1154 1185 conflixit,

195 1191 232 1250 ut
259 1185 328 1251 eius
354 1184 526 1250 multitudo
558 1185 690 1250 navium
721 1186 873 1268 expheari
904 1206 972 1250 non
1003 1187 1153 1268 potuerit.

195 1270 297 1334 vietus
313 1289 389 1353 ergo
402 1272 450 1333 est
463 1269 566 1354 magis
578 1269 675 1334 etiam
690 1269 824 1333 consilio
839 1268 1047 1336 Themistocli
1058 1290 1155 1352 quam

195 1353 292 1418 armis
315 1351 475 1418 Graeciae.

157 1439 179 1502 b
279 1435 343 1501 Hic
365 1437 424 1500 etsi
444 1437 527 1501 male
548 1458 616 1501 rem
638 1442 787 1522 gesserat,
809 1440 917 1502 tamen
931 1441 1037 1502 tantas
1058 1437 1153 1502 habe·

195 1521 251 1585 bat
271 1520 422 1603 reliquias
444 1520 624 1617 copiarum,
646 1525 683 1586 ut
704 1521 891 1586 etiamtum
912 1520 952 1586 iis
974 1521 1153 1604 opprimere

194 1608 304 1688 posset
324 1605 442 1669 hostes.
479 1608 596 1670 iterum
618 1604 786 1669 abeodem
808 1604 908 1688 gradu
924 1603 1074 1687 depulsus
1096 1609 1153 1669 est.

195 1710 271 1753 nam
302 1688 532 1753 Themistocles
565 1708 677 1752 verens
708 1708 750 1751 ne
781 1688 900 1752 bellete
927 1691 1154 1770 perseveraret,

196 1771 364 1836 certiorem
391 1793 464 1835 enm
491 1770 568 1835 fecit
593 1770 627 1833 id
689 1770 715 1853 i,
744 1775 780 1835 ut
800 1792 897 1854 pons,
926 1791 1022 1853 quem
1043 1771 1097 1834 ille
1119 1771 1155 1835 in

195 1855 406 1938 Hellesponto
428 1855 557 1938 feceret,
579 1853 662 1918 disso
677 1858 803 1918 veretur
817 1875 854 1919 ac
868 1853 973 1920 reditu
994 1854 1030 1919 in
1043 1855 1155 1920 Asiam

164 1938 431 2023 sexcluderetur,
462 1939 556 2022 idque
590 1937 619 2002 ei
650 1939 816 2021 persuasit.
872 1938 981 2021 itaque
1010 1961 1073 2023 qua
1099 1959 1154 2004 sex

196 2023 358 2088 mensibus
384 2023 446 2088 iter
466 2022 600 2104 lecerat,
630 2021 740 2086 cadem
760 2022 867 2086 minus
889 2021 999 2086 diebus
1021 2022 1154 2107 triginta

196 2109 231 2170 in
245 2107 357 2171 Asiam
370 2126 515 2170 reversus
530 2108 578 2169 est
592 2125 689 2186 seque
707 2126 727 2168 a
740 2103 953 2170 Themistocle
974 2126 1042 2170 non
1062 2127 1154 2189 supe·

164 2193 318 2270 aratum,
352 2187 407 2252 sed
434 2191 656 2252 conservatum
684 2186 844 2252 iudicavit
899 2189 944 2254 sio
972 2189 1066 2254 unius
1093 2188 1154 2253 viri

196 2272 366 2356 prudentio
381 2271 514 2336 Graecia
534 2271 669 2336 liberata
691 2274 739 2335 est
755 2269 967 2356 Europaeque
987 2272 1155 2338 succubuit

196 2357 283 2421 Asis.
320 2356 399 2419 haec
422 2359 470 2419 est
484 2354 584 2419 eltero
601 2353 744 2438 victoria,
767 2376 935 2439 quaecum
948 2354 1153 2422 Marathonio

219 2440 298 2506 ossit
319 2437 497 2522 comparari
519 2442 660 2522 tropaeo.
696 2459 772 2504 nam
792 2439 978 2522 parimodo
1000 2439 1085 2523 apud
1099 2439 1154 2505 Sa·

195 2463 433 2671 lominaporvol
444 2544 583 2672 nurnerot
591 2523 728 2670 rpleriurtp⁸
740 2523 879 2588 maxime
899 2527 974 2607 post
987 2523 1155 2590 hominum

196 2629 383 2672 memoriam
404 2628 513 2672 cussrs
534 2628 567 2670 es
625 2627 693 2671 eric
729 2655 736 2671 .

159 2692 181 2756 6
281 2690 419 2776 Magnus
433 2691 495 2756 hoc
509 2690 593 2755 bello
608 2689 838 2755 Themistocles
852 2690 915 2754 fuit
927 2711 1032 2773 neque
1049 2691 1155 2756 minor

196 2776 232 2840 in
252 2795 340 2857 paee.
384 2796 457 2838 cum
484 2774 569 2838 enim
590 2772 758 2838 Phalerico
785 2777 882 2856 portu
910 2795 1014 2857 neque
1035 2794 1154 2871 magno

195 2879 301 2942 neque
328 2859 414 2922 bono
441 2858 655 2923 Athenienses
681 2860 862 2939 uterentur,
898 2857 993 2922 huius
1020 2857 1154 2925 consilio

195 2943 314 3026 triplex
340 2939 446 3005 Piraei
472 2944 584 3024 portus
611 2939 803 3006 constitutus
835 2941 1007 3024 ostiisque
1034 2943 1155 3008 moeni·

195 3026 256 3091 bus
274 3024 495 3108 circumdatus,
518 3028 553 3088 ut
574 3024 676 3108 ipsam
698 3025 809 3090 urbem
832 3023 987 3109 dignitato
1008 3027 1156 3110 aequipe-

166 3112 299 3193 araret,
327 3108 465 3173 utilitate
495 3112 667 3191 superaret
720 3107 805 3174 idem
837 3129 946 3174 muros
978 3109 1156 3175 Athenien·

196 3193 280 3258 sium
300 3190 441 3256 restituit
461 3191 632 3288 praecipuo
657 3212 714 3256 suo
740 3191 894 3276 periculo.
936 3214 1074 3275 namque
1095 3191 1156 3260 La·-
1288 3243 1291 3264 .

196 3275 393 3342 cedaemonii
415 3296 542 3340 causam
563 3274 712 3340 idoneam
735 3277 822 3342 nacti
847 3280 981 3362 propter
1008 3277 1156 3342 barbaro·

196 3383 268 3426 rum
290 3359 501 3444 excursiones,
524 3380 587 3443 quo
607 3362 764 3443 negarent
785 3365 931 3443 oportere
954 3363 1043 3426 extra
1064 3361 1156 3427 Pelo·

197 3465 376 3526 ponnesurn
400 3443 497 3510 ullam
512 3443 623 3510 urbem
637 3464 745 3509 muros
760 3443 886 3528 habere,
908 3466 950 3510 ne
966 3450 1072 3512 essent
1085 3449 1155 3512 locs
