2590 3946
405 271 482 318 xm.
519 269 731 320 rmorsnus.
755 266 830 323 r—e.
1057 257 1098 321 dt

135 403 306 488 Olynthios
328 408 361 469 ct
375 405 549 490 Byzantios
564 407 650 471 bello
673 406 809 491 subegit.
847 403 978 470 Samum
1000 408 1100 489 cepit:

133 488 169 552 in
191 510 254 573 quc
270 490 487 575 oppugnando
503 490 660 573 superiori
679 490 766 555 bello
781 489 995 554 Athenienses
1010 491 1100 554 mille

134 576 167 637 et
181 589 222 636 cc
236 574 360 638 talenta
381 577 653 672 consumpserant,
676 574 709 638 id
729 574 785 638 ille
807 575 876 642 sine
890 573 957 638 ulla
970 573 1100 720 publica

133 658 279 741 impensa
299 658 421 742 populo
443 659 592 723 restrtuit.
629 657 780 723 adversus
796 657 913 724 Cotum
929 657 970 722 be
984 658 1016 721 la
1030 677 1100 742 ges·

133 741 176 806 sit
197 743 237 807 ab
253 763 355 826 coque
369 741 457 807 mille
480 746 511 806 et
528 758 569 806 cc
584 743 707 807 talenta
720 742 856 826 praedae
877 743 914 807 in
934 741 1099 840 publicum

133 825 266 890 rettulit.
311 825 462 910 Cyzicum
489 825 655 892 obsidione
683 826 841 891 liberavit.
885 827 1129 891 Anobarzanis
1184 853 1185 856 ¹

133 910 230 974 simul
252 929 325 975 cum
338 903 490 996 Agesilao
509 910 628 976 auxilio
643 911 806 995 profectus
822 913 884 974 est:
907 932 926 974 a
943 931 1100 995 quocum

133 993 219 1058 Laco
241 994 410 1078 pecuniam
424 998 625 1061 numeratam
642 994 825 1079 accepisset,
846 995 902 1059 ille
917 994 1002 1059 cives
1024 1015 1099 1059 suos

133 1097 214 1162 agro
236 1081 331 1160 atque
352 1078 484 1145 urbibus
511 1080 622 1165 augeri
649 1079 764 1143 maluit
785 1100 882 1163 quam
903 1078 937 1142 id
964 1099 1098 1162 sumere,

134 1161 224 1226 euius
268 1165 369 1227 artem
391 1162 522 1228 domum
543 1185 633 1227 suam
653 1162 738 1227 ferre
758 1167 876 1246 posset
919 1163 1028 1247 itaque
1050 1183 1099 1227 ac-

134 1246 219 1329 cepit
240 1184 411 1311 drithoten
432 1250 465 1312 et
485 1245 621 1313 Sestum.

217 1329 306 1394 Idem
327 1331 421 1429 classi
441 1331 622 1415 praelectus
644 1331 883 1396 circumvehens
898 1330 1136 1428 Peloponnes-2

135 1413 944 1583 etrdttlttstllhlattentet
964 1415 1099 1563 still

8 1587 10 1594 ’
136 1601 198 1664 que
225 1581 311 1645 idem
337 1580 483 1646 adiunxit
509 1581 674 1666 Epirotas,
707 1583 922 1665 Athamanas,
999 1603 1098 1647 conas

135 1685 246 1730 omnes
269 1686 310 1730 ue
332 1669 526 1751 coagentes,
549 1687 631 1750 quae
653 1686 740 1730 mare
754 1664 835 1729 illud
849 1665 1004 1731 adiacent.
1034 1679 1129 1764 quor

134 1748 220 1813 facto
296 1750 494 1814 cedaemonii
520 1749 559 1814 de
588 1749 712 1815 diutina
738 1751 945 1814 contentione
972 1750 1100 1814 deshte-

135 1836 212 1898 runt
243 1836 276 1897 et
302 1854 360 1897 sua
388 1833 776 1922 sponteeiheniensibus
797 1834 925 1932 imperii
945 1833 1100 1898 maritimi

135 1917 351 2065 ptriitplcipatpm
373 1922 607 2066 poppplsserunt,
628 1939 802 2064 pacemepue
823 1918 864 1982 i1s
881 1917 1005 2064 legilpus
1027 1939 1101 1981 con-

420 2021 622 2150 muni:
639 2021 849 2168 ranst
864 2021 1101 2183 aazias

137 2189 210 2233 arae
223 2167 300 2233 Paci
322 2169 449 2252 publice
471 2169 536 2232 sint
556 2168 661 2235 factae
682 2169 775 2253 eique
796 2169 873 2234 deae
887 2169 1038 2253 pulvmar
1058 2169 1101 2236 sit

135 2253 328 2318 institutum.
364 2253 454 2318 cuius
469 2252 572 2318 laudis
593 2257 631 2318 ut
648 2253 803 2318 memoria
823 2257 976 2351 maneret,
991 2253 1128 2317 Timo-3

134 2336 212 2401 theo
231 2337 358 2420 publice
380 2340 518 2401 statuam
539 2337 574 2401 in
595 2337 667 2402 loro
688 2340 875 2421 posuerunt.
917 2359 972 2420 qur
994 2338 1099 2402 honos

135 2420 211 2484 huic
242 2420 300 2484 uni
332 2423 405 2483 ante
436 2419 470 2483 id
501 2423 628 2504 tempus
655 2421 807 2505 contigit,
835 2424 887 2502 ut,
915 2441 988 2485 cum
1014 2421 1099 2504 patri

135 2503 1100 2672 lhdtttlttedtt*utillutttftlatt

135 2692 331 2736 memoriam.

218 2755 281 2821 Hic
302 2777 374 2820 oum
389 2759 472 2820 esset
486 2775 605 2842 magno
619 2759 699 2820 natu
721 2759 753 2820 et
766 2756 972 2840 magistratus
987 2775 1097 2841 gerere
1114 2755 1134 2819 3

136 2839 276 2924 desisset,
290 2840 376 2904 bello
392 2839 606 2905 Athenienses
621 2840 698 2904 undi
722 2861 763 2903 ue
776 2839 879 2924 premi
893 2843 970 2904 sunt
983 2842 1098 2924 coepti.

136 2922 295 2988 defecerat
316 2922 444 3007 Samus,
472 2923 627 2989 descierat
651 2861 895 3008 Hellespontus,
917 2923 1098 3021 Philippus,

135 3008 200 3072 iam
225 3010 294 3072 tum
325 3008 450 3090 valens,
483 3008 584 3072 multa
610 3006 817 3072 moliebatur:
847 3008 899 3072 cui
932 3011 1099 3155 oppositus

136 3089 255 3156 Chares
283 3112 355 3156 cum
383 3095 479 3174 esset,
506 3112 574 3155 non
603 3092 680 3156 satis
707 3091 743 3156 in
771 3112 808 3156 eo
858 3091 971 3155 raesi'
1005 3095 1099 3177 puta·

134 3175 238 3240 batur.
271 3176 308 3239 fit
321 3174 526 3240 Menestheus
540 3179 678 3259 praetor,
696 3175 782 3239 filius
803 3113 983 3260 lplricratis,
998 3197 1097 3262 gener
1110 3187 1127 3236 2

134 3259 311 3342 Timothei,
334 3263 380 3341 et,
402 3263 439 3324 ut
459 3259 501 3323 ad
519 3259 640 3324 bellum
654 3259 884 3343 proficiscatur,
906 3259 1096 3324 decernitur.

133 3343 209 3408 huic
230 3343 266 3408 in
287 3342 456 3408 consillum
470 3342 587 3407 dantur
602 3344 665 3408 duo
687 3365 748 3408 usu
765 3344 986 3429 sapientiaque
1007 3363 1097 3425 prae-

16 3459 21 3468 ·
134 3431 271 3511 stantes,
302 3426 451 3514 [uorum
479 3427 614 3491 consilio
642 3428 797 3511 uteretur]
830 3430 922 3510 pater
944 3428 976 3489 et
997 3445 1096 3509 socer,

134 3511 221 3596 qnod
251 3511 286 3576 in
314 3449 371 3576 iris
395 3513 486 3575 tanta
514 3513 583 3575 erat
603 3511 792 3593 auctoritas,
822 3515 860 3575 ut
879 3528 998 3594 magna
1024 3529 1096 3593 spes
