2590 3946
72 925 80 940 ,
213 858 331 923 milites
345 857 485 922 Romani
499 855 653 941 appellati
673 857 758 939 sunt,
777 855 823 920 sic
836 855 874 953 Ip

212 204 257 271 44
502 217 549 266 ιι.
584 215 798 267 remeamus.
820 212 845 264 r.
865 212 891 263 s.

69 358 73 366 '
182 353 349 440 effugavit,
365 373 429 438 quo
444 353 531 417 fecto
545 371 697 450 magnam
712 351 845 436 adeptus
860 355 908 416 est
921 351 1068 436 gloriam.
1106 373 1185 418 eum
1266 282 1267 340 h

215 439 408 503 Artaxerxes
422 439 585 522 Aegyptio
599 437 670 522 regi
683 435 804 501 bellum
821 434 941 500 inferre
957 435 1070 520 voluit,
1093 435 1186 521 Iphi·
1267 470 1268 499 ι

213 525 324 589 craten
338 523 378 586 ab
393 520 646 586 Atheniensibus
667 519 780 585 ducem
801 519 926 603 petivit,
949 540 1045 603 quem
1065 523 1184 604 praeti-

214 610 299 672 ccret
321 605 473 681 exercitui
501 603 719 688 conducticio,
746 603 837 669 cuins
858 623 1011 669 numerus
1040 620 1093 668 111
1121 605 1183 670 mi·

212 691 293 757 lium
314 690 386 755 fuit.
441 710 536 773 quem
558 688 687 772 quidem
717 688 762 752 sic
791 688 880 752 omni
902 687 1071 772 disciplina
1095 689 1183 754 mili·

213 775 276 839 tari
291 773 438 857 erudivit,
459 777 506 857 ut,
528 793 624 856 quem
645 771 838 836 admodum
859 771 1021 920 Ἓοιιάξιοιιι
1041 771 1181 921 Fabiam}

911 875 966 920 ora
996 875 1071 920 nses
1093 878 1112 921 a
1136 880 1158 921 u

183 941 354 1007 cGraeoos
375 941 411 1004 in
424 961 549 1005 summa
568 940 663 1004 laude
677 939 808 1004 fuerim,
851 939 936 1004 rdcm
957 939 1100 1005 subsidio
1147 963 1179 1006 a

214 1024 427 1090 eudaemoniis
453 1023 617 1109 protectus
642 1021 887 1108 Epaminondae
919 1023 1095 1089 retardavit
1120 1025 1179 1090 im·

212 1112 316 1194 petus.
358 1129 434 1174 nam
448 1109 512 1174 nisi
533 1107 602 1174 eius
616 1107 772 1173 macutus
787 1107 1087 1192 appropinquasset,
1109 1128 1178 1175 non

212 1191 475 1341 priusffldhgbpni
509 1191 625 1341 Sparta
654 1191 893 1275 abscessissent,
928 1213 1025 1284 quam
1051 1197 1178 1277 captam
1271 1222 1272 1234 ι

211 1297 308 1343 rnecn
341 1298 361 1342 o
403 1296 550 1341 cassen.

175 1365 196 1429 3
297 1360 374 1426 Fuit
388 1364 495 1425 autem
509 1363 542 1424 et
556 1359 664 1424 animo
678 1379 797 1445 magno
812 1363 847 1424 st
859 1345 992 1458 corpore
1006 1361 1176 1445 imperato-

182 1444 458 1596 ,ereren
480 1443 609 1594 ιιι
624 1465 1023 1596 snm,
1072 1446 1178 1596 dn
1272 1553 1273 1556 Ὗ

213 1635 275 1698 que
296 1614 432 1712 patiens,
448 1578 492 1678 'ut
511 1611 740 1696 Theopompus
760 1612 934 1677 memoriae
947 1550 1098 1698 prodicht,
1120 1615 1178 1679 bo·

211 1718 273 1763 nus
300 1719 376 1762 vcro
404 1697 483 1762 clvis
509 1695 636 1779 fideque
656 1715 784 1780 magna.
828 1695 915 1780 quod
942 1716 1015 1762 oum
1041 1697 1077 1763 in
1104 1697 1177 1763 aliis

210 1780 307 1846 rebus
339 1779 525 1863 declaravit,
557 1782 627 1844 tum
654 1779 792 1844 maxime
818 1779 854 1843 in
881 1781 1042 1865 Amyntae
1071 1781 1177 1848 Mace·

211 1865 305 1930 donis
325 1864 434 1929 hheris
455 1861 592 1929 tuendis.
631 1882 771 1947 namque
792 1861 962 1948 Eurydice,
983 1868 1086 1930 mater
1100 1865 1177 1931 Par·

211 1947 318 2015 diceas
344 1953 379 2014 et
398 1947 557 2033 Philippi,
587 1967 660 2014 cum
680 1947 732 2013 his
754 1948 879 2014 duobus
904 1949 1013 2031 pueris
1032 1949 1096 2014 Am
1141 1955 1177 2015 ta

210 2037 339 2099 mortuo
354 2033 395 2096 ad
408 2032 592 2116 Iphicraten
606 2031 755 2117 confugit
769 2032 900 2116 eiusque
914 2033 1029 2117 opibus
1044 1971 1177 2100 dethnnsa

180 2119 270 2181 esst.
314 2116 397 2180 vixit
417 2115 457 2180 ed
478 2117 675 2181 senectutem
701 2115 835 2213 placatis
860 2116 897 2181 iu
924 2137 1111 2182 saeuorum
1133 2119 1177 2184 oi·

211 2199 300 2264 vium
322 2199 447 2264 animis.
490 2218 619 2264 censam
639 2199 754 2282 capitis
775 2199 873 2265 scmcl
895 2199 990 2284 dixit,
1016 2201 1102 2267 bello
1125 2223 1176 2269 so·

211 2283 301 2368 ciali,
323 2282 419 2348 simul
440 2303 513 2348 oum
534 2281 720 2367 iimotheo,
749 2305 851 2368 eoque
870 2283 989 2350 iudicio
1011 2288 1060 2350 est
1083 2288 1176 2353 abso·

179 2368 308 2433 elutus
349 2365 538 2433 Menesthea
557 2366 660 2432 filium
681 2367 812 2452 reliquit
832 2389 872 2433 cx
892 2367 1032 2435 Thrasea
1051 2373 1175 2456 natum,

211 2449 286 2518 Coti
306 2451 392 2538 regis
412 2451 488 2518 filia.
532 2451 655 2517 iseum
668 2452 930 2537 interrogaretur,
950 2456 1059 2519 utrum
1094 2455 1175 2520 luris

210 2539 335 2620 patrem
356 2538 533 2600 metremne
554 2535 683 2620 faceret,
707 2539 865 2602 ‘matrem’
887 2536 1003 2620 iuquit
1046 2538 1058 2602 i
1100 2559 1174 2604 oum

210 2620 360 2684 omnibus
388 2619 505 2684 mhum
532 2617 708 2703 videretur,
745 2623 781 2685 at
812 2619 868 2684 ille
896 2621 1035 2687 ‘merito’
1066 2622 1176 2707 inquit

210 2702 324 2767 ‘facior
346 2723 423 2768 nom
444 2706 545 2787 pater,
568 2706 725 2786 quantum
746 2704 782 2768 in
803 2723 837 2768 se
858 2703 931 2789 fuit,
944 2703 1101 2774 Thracem
1122 2727 1174 2773 mc

209 2785 332 2871 genuit,
355 2789 468 2852 contra
489 2807 527 2852 es
548 2789 652 2852 mater
672 2787 928 2855 Atheniensem?

500 3139 578 3215 XII.
630 3140 877 3217 OHABRIAS.

172 3290 190 3353 1
293 3285 448 3355 Ohcbrics
476 3287 695 3355 Atheniensis.
743 3289 797 3355 hio
823 3311 952 3376 quoque
978 3293 1015 3359 in
1040 3295 1175 3361 summis

206 3372 337 3438 habitus
364 3376 414 3438 est
441 3371 576 3439 ducibus
602 3394 716 3460 resque
743 3375 861 3442 multas
881 3378 1037 3444 memoria
1058 3377 1175 3464 dignes

206 3457 316 3541 gessit.
360 3457 416 3524 sed
438 3477 477 3525 cx
498 3458 539 3524 iis
567 3458 671 3525 elucet
692 3460 830 3526 maxime
852 3459 1021 3527 inventum
1048 3462 1116 3528 eius
1137 3463 1174 3528 in
