2606 3940
211 202 252 273 72
491 217 591 266 xv111.
627 185 799 266 ronanus
824 214 846 265 1.
869 215 893 265 a.

181 346 387 420 olescentdlo
415 351 539 418 indoles
564 352 703 418 virtutis.
753 354 861 436 itaque
894 373 966 416 eum
993 351 1107 417 habuit
1134 354 1176 418 ad

210 441 343 504 manum
364 437 487 503 scribae
508 437 590 521 loco,
613 437 699 521 quod
720 436 822 502 multo
837 437 922 521 apud
937 436 1051 502 Graios
1072 437 1175 503 hono-

210 522 387 587 rificentius
409 525 458 588 est
479 543 576 606 quarn
603 521 687 604 apud
706 519 880 588 Romanos.
923 542 1062 605 namque
1089 522 1176 620 apud

210 626 437 690 mererere,
460 607 543 672 sicut
569 609 658 690 aunt,
685 605 897 672 mercenarii
924 605 1046 670 scribae
1068 607 1175 670 existi·

211 693 356 756 mantur:
372 693 406 756 at
420 690 505 789 apud
519 689 593 755 illos
608 711 625 754 e
640 690 802 756 contrario
816 710 912 756 nemo
928 688 968 754 ad
982 689 1016 753 id
1031 689 1175 756 officium
1290 689 1291 702 ¹

211 774 391 840 admittitur
421 796 486 840 msr
516 774 652 842 honesto
680 773 767 856 loco,
800 778 833 840 et
864 773 926 838 fide
953 777 986 838 et
1017 773 1176 839 industria

212 859 356 944 cognita,
379 861 466 942 quod
486 879 615 925 necesse
637 861 686 924 est
707 857 1081 956 omniumconsiliorum
1101 879 1176 923 eum

182 943 500 1040 essseparticipem
543 943 631 1008 hunc
651 943 886 1040 locumutenurt
909 947 1067 1008 amrcrtrae
1089 943 1176 1090 efud

211 1026 399 1208 aaran
419 1028 739 1194 mim
753 1026 1031 1208 deerrare.
1063 1047 1176 1176 rer

212 1216 294 1260 armo
315 1197 460 1294 tempore
486 1195 627 1280 praefurt
655 1199 751 1260 etrum
778 1195 896 1292 alterae
924 1197 1068 1292 equrtum
1095 1195 1175 1279 alae,

212 1301 297 1514 tt}
307 1278 1176 1447 {stetttltttltlitmlllltria⁰⁰03

175 1467 910 1715 taruannensem
924 1531 1176 1714 {enum

183 1704 299 1766 resset
319 1699 439 1766 tuenda
460 1639 580 1799 erdem,
605 1721 657 1766 cur
678 1700 861 1766 Alexander
880 1699 1175 1798 murrensanulum

213 1806 307 1850 suum
327 1784 465 1868 dederat,
486 1784 656 1850 Perdiccae
677 1784 730 1869 (ex
751 1805 815 1868 quo
838 1805 949 1850 omnes
963 1788 1175 1866 commorant,
1290 1821 1291 1858 t

214 1889 288 1933 eum
302 1888 437 1954 ragnum
452 1869 482 1932 ei
496 1868 701 1952 commisisse,
724 1868 830 1952 quoad
844 1868 937 1935 liberi
951 1869 1019 1933 eius
1034 1869 1175 1934 insuam
1290 1905 1291 1916 κ

213 1951 349 2018 tutelam
368 1951 605 2036 pervenissent:
627 1953 737 2018 aberat
758 1953 844 2018 enim
859 1951 1007 2019 Crateros
1029 1956 1061 2017 et
1081 1953 1176 2016 Anti·

236 2039 315 2120 ater,
338 2036 394 2119 qui
415 2036 602 2102 antecedere
622 2036 709 2102 hunc
724 2035 924 2122 videbantur,
945 2040 1091 2101 mortuus
1107 2040 1178 2102 erat
1290 2059 1291 2070 ¹

213 2057 264 2184 lle
287 2120 421 2203 haestio,
444 2141 539 2204 quem
561 2141 662 2185 unum
682 2120 878 2205 Alexander,
904 2119 991 2204 quod
1012 2119 1106 2185 facile
1127 2121 1176 2186 in·

213 2207 246 2268 te
273 2225 289 2267 e
315 2204 322 2218 '
350 2208 474 2288 posset,
501 2203 632 2288 plurimi
660 2203 808 2290 fecerat),
840 2204 902 2270 hoc
928 2207 1073 2289 tempore
1101 2203 1177 2269 data

215 2290 264 2352 aet
284 2223 423 2352 ffumcni
444 2286 646 2371 Cappadocia
672 2288 739 2354 sire
758 2289 867 2374 potius
887 2289 986 2354 dicta:
1007 2310 1084 2360 nam
1105 2291 1176 2353 tum

183 2371 250 2438 ein
282 2370 425 2437 hostium
462 2375 531 2437 erat
566 2375 734 2457 potestate.
788 2374 874 2440 hunc
911 2373 973 2438 sibi
1007 2371 1177 2440 Perdiccas

214 2455 403 2522 adiunxerm
424 2476 542 2541 magno
564 2457 686 2540 studio,
708 2457 795 2542 quod
815 2457 851 2523 in
871 2456 1004 2524 homine
1024 2456 1121 2523 fidem
1143 2461 1177 2524 et
1290 2537 1291 2540 Ἴ

213 2540 404 2606 industriam
425 2561 578 2626 magnam
599 2541 742 2626 videbat,
771 2563 839 2610 non
861 2540 1027 2626 dubitans,
1052 2541 1080 2606 si
1101 2562 1176 2606 cum
1290 2543 1291 2592 l

214 2623 412 2708 pellexisset,
433 2645 552 2710 magno
575 2626 648 2690 usui
667 2626 738 2691 fore
759 2626 822 2692 sibi
843 2627 878 2690 in
899 2626 939 2694 iis
960 2626 1069 2708 rebus,
1096 2646 1176 2710 quas

215 2709 400 2791 apparabat.
455 2709 618 2795 cogitabat
648 2710 748 2794 enim,
783 2710 870 2794 quod
901 2709 968 2775 fere
998 2730 1109 2777 omnes
1141 2709 1178 2774 in

214 2793 341 2877 magnis
366 2793 510 2876 imperiis
531 2794 777 2892 concepissent,
804 2793 948 2862 omnium
974 2797 1082 2878 partes
1109 2813 1178 2858 cor·

183 2876 319 2960 eripere
341 2879 437 2960 atque
459 2878 638 2964 complecti.
680 2899 785 2962 neque
813 2899 889 2946 vero
916 2879 979 2944 hoc
1006 2877 1062 2944 ille
1089 2876 1177 2943 aolus
1290 2909 1291 2918 κ

215 2961 301 3044 iecit,
323 2959 490 3028 redcetcri
505 2983 633 3046 quoque
648 2983 768 3046 omncs,
784 2962 841 3047 qui
854 2962 1031 3029 Alexandri
1047 2961 1178 3028 fuerant
1290 2987 1291 3024 t

214 3045 318 3109 amici.
358 3045 481 3143 primus
495 3045 681 3112 Leonnatus
702 3045 924 3112 Macedoniam
944 3066 1179 3131 praeoccupare
1290 3055 1291 3072 ¹

214 3126 397 3194 destinavit.
431 3129 459 3195 is
484 3129 594 3196 multis
608 3131 798 3215 magnisque
810 3131 1097 3215 pollicitationibus
1106 3150 1178 3214 per-

215 3211 347 3278 euadere
367 3211 506 3280 Eumeni
534 3213 670 3298 studuit,
697 3218 735 3279 ut
755 3214 939 3280 Perdiccam
961 3214 1179 3281 desereretne

183 3303 324 3363 haecum
344 3297 465 3362 faceret
485 3297 679 3364 societatem.
723 3319 796 3364 cum
819 3300 993 3383 perducere
1015 3320 1089 3364 eum
1109 3318 1179 3362 non
1290 3321 1291 3380 j

215 3383 338 3465 posset,
360 3381 539 3447 interficere
561 3386 695 3448 conatus
722 3387 784 3466 est,
816 3387 848 3448 et
868 3383 1010 3467 iecisset,
1037 3383 1102 3448 nisi
1123 3380 1179 3448 ille
1290 3441 1291 3454 ,

214 3464 298 3530 clam
319 3469 418 3532 noctu
441 3487 479 3532 ex
501 3465 666 3552 praesidiis
689 3466 757 3533 eius
779 3465 950 3554 effugisset.
