2606 3940
342 297 345 304 .
400 257 485 306 xvu.
521 257 724 307 sausmaus.
752 255 776 303 a.
798 254 823 304 e.
1047 245 1087 308 67

127 391 333 457 trimenstres.
377 392 496 457 iuravit
517 394 624 457 eutem
645 394 779 476 uterque
801 412 834 458 se
855 393 923 458 sine
944 392 1018 460 dolo
1040 395 1119 460 ins

82 527 86 534 .
128 475 237 540 duoias
259 479 539 560 conservaturum„
574 476 609 540 in
631 497 695 559 qua
711 477 860 560 pactione
883 499 1006 543 summa
1027 479 1089 544 lide

127 559 246 624 mansit
260 562 289 622 A
314 560 446 624 esilaus:
469 562 581 624 eontra
603 581 641 626 ea
654 559 882 643 Tissaphernes
897 561 981 626 nihil
1003 561 1090 627 aliud

127 664 223 726 quam
244 580 365 708 bellum
387 643 593 727 comparavit.
628 643 661 709 id
677 645 736 709 etsi
753 645 911 711 sentiebat
924 645 1020 731 Laco,
1042 649 1118 710 trs-5

126 748 201 791 men
215 727 436 792 iusiurandum
458 728 605 793 servabat
625 728 825 812 multumque
846 730 883 794 in
904 751 941 795 eo
964 751 997 794 se
1015 750 1090 795 con-

126 812 218 894 sequi
240 811 375 895 dicebat,
397 811 484 895 quod
497 811 726 897 Tissaphernes
740 813 880 897 periurio
903 835 961 879 suo
985 818 1018 878 et
1032 815 1090 880 ho·
1145 827 1148 834 '

125 896 229 960 mines
262 894 328 960 suis
359 896 454 961 rebus
492 895 688 962 abalienaret
723 901 756 962 et
786 897 862 963 deos
893 897 955 963 sibi
990 897 1089 963 iratos

125 979 287 1061 redderet,
318 999 350 1044 se
372 983 479 1045 autem
508 984 696 1046 conservata
716 981 873 1066 religione
900 983 1089 1047 confirmare

128 1064 318 1147 exereitum,
341 1084 414 1128 oum
435 1063 703 1130 animadverteret
724 1063 819 1130 deum
837 1086 958 1131 numen
984 1067 1089 1132 faeere

125 1148 577 1298 stultitiast
597 1148 1090 1316 {llfltffitiltalud

559 1281 568 1316 1

127 1315 247 1380 darent.

210 1398 388 1482 Postquam
409 1400 610 1465 induciarum
635 1401 800 1484 praeteriit
827 1401 908 1485 dies,
937 1401 1125 1468 barbarus3

125 1504 194 1548 non
226 1482 393 1566 dubitans,
423 1483 509 1566 quod
536 1483 637 1567 ipsius
659 1488 751 1549 erant
769 1486 907 1568 plurima
929 1486 1089 1550 domicilia

41 1635 43 1640 ,
125 1568 161 1632 in
183 1565 278 1632 Caria
300 1571 333 1631 et
354 1587 392 1631 ea
413 1567 503 1652 regio
525 1567 566 1631 iis
587 1568 785 1652 temporibus
799 1569 901 1634 multo
916 1572 1089 1652 putabatur

125 1650 387 1735 locupletissima,
410 1672 448 1716 so
463 1651 797 1735 potissimumhostes
811 1652 967 1736 impetum
988 1652 1088 1718 faetu-

125 1755 411 1904 lhlssntmull
431 1735 603 1886 titt
612 1739 855 1886 susus
870 1736 1117 1887 tribuit?

127 1905 185 1985 est,
230 1839 303 1967 ηαξ
325 1903 553 1988 Tissaphernes
575 1844 710 1987 usquarir
730 1842 938 1971 sapmoverei)
959 1844 1089 1990 Iinagna

124 1924 244 2072 praela
280 1986 437 2052 militibus
474 1987 678 2071 locupletatis
709 1986 874 2086 Ephesum
912 1989 1088 2054 hiematum

125 2072 301 2136 exereitum
322 2070 450 2135 reduxit
468 2075 566 2154 >atque
587 2071 634 2135 ibi
655 2071 793 2137 officinis
816 2093 977 2138 armorum
998 2073 1088 2138 insti·

124 2155 203 2220 tutis
218 2175 336 2240 magna
357 2154 514 2220 industria
526 2153 647 2220 bellum
662 2157 838 2240 apparavit.
882 2160 1000 2241 atquo
1023 2161 1089 2222 stu·

125 2239 244 2304 diosius
267 2243 467 2305 armarentur
480 2239 702 2325 insigniusque
725 2243 924 2325 ornarentur,
946 2243 1088 2324 praemia

123 2324 308 2407 proposuit,
345 2324 461 2407 quibus
490 2322 700 2406 donarentur,
733 2345 870 2406 quorum
896 2327 1026 2422 egregia
1052 2327 1088 2390 in

125 2427 163 2471 ea
183 2406 353 2503 reiuisset
366 2405 532 2504 industrie.
569 2407 647 2505 feeit
667 2407 807 2504 ³⁶⁶¹3¹ss¹²
822 2410 1084 2507 exercitationum
1100 2423 1116 2470 a

124 2490 599 2639 {titulatus-ltu
620 2493 1088 2670 lgttlttthtttztl

124 2659 363 2724 amatissimum
385 2661 418 2722 et
438 2656 735 2724 exercitatissimum
756 2658 889 2723 haberet
902 2659 1085 2726 exereitum.

122 2742 199 2806 huie
226 2763 299 2808 oum
326 2746 452 2826 tempus
481 2745 564 2808 esset
590 2741 694 2806 visum
718 2741 826 2827 copias
853 2743 1019 2810 extrahere
1046 2757 1116 2810 err-4

123 2826 348 2910 hibernaeulis,
370 2827 461 2911 vidit,
483 2827 520 2911 si,
543 2847 607 2910 quo
629 2828 712 2891 esset
731 2826 793 2890 iter
807 2826 957 2912 ferturus,
978 2828 1085 2912 palam

122 2912 371 2996 pronuntiasset,
385 2912 494 2977 hostes
509 2932 576 2976 non
591 2910 767 2976 credituros
781 2910 923 2996 aliasque
937 2933 971 2978 re
997 2913 1085 2978 ‘ones

123 2993 288 3079 praesidiis
316 2999 526 3079 oooupaturos
554 3015 659 3078 neque
681 2994 881 3061 dubitaturos
903 2996 968 3060 aliu
1012 3017 1085 3062 eum

123 3083 282 3144 iacturum
311 3099 347 3143 aa
374 3080 622 3176 pronuntiasset
643 3083 646 3088 “
664 3079 772 3163 itaque
799 3100 873 3145 eum
899 3079 954 3145 ille
976 3079 1114 3147 Sardiss

122 3164 245 3229 iturum
266 3183 301 3226 se
323 3162 463 3246 dixisset,
485 3163 714 3249 Tissaphernes
736 3163 870 3228 eandem
885 3164 1012 3230 Cariam
1033 3165 1086 3230 de·

123 3246 317 3312 fendendam
332 3247 468 3330 putavit
497 3248 611 3332 inquo
627 3269 700 3313 oum
711 3268 784 3314 eum
796 3249 906 3332 opinio
918 3249 1085 3314 fefellisset

122 3331 306 3414 victumque
334 3351 368 3396 se
396 3330 526 3396 vidisset
553 3331 703 3417 oonsilio,
731 3353 802 3399 sero
830 3333 896 3398 suis
926 3332 1084 3416 praesidio

122 3415 285 3500 profectus
307 3419 363 3480 est.
407 3436 483 3480 nam
505 3435 578 3481 oum
592 3415 650 3480 illo
664 3416 814 3500 venisset,
835 3417 901 3481 iam
915 3416 1084 3501 Agesilaus

121 3500 231 3566 multis
253 3499 332 3566 loeis
355 3499 546 3586 expugnatis
567 3519 685 3584 magna
712 3503 779 3566 erat
805 3499 924 3584 praede
952 3501 1083 3583 potitus.

844 3605 879 3654 5.
