2606 3940
98 191 102 198 ·
188 176 232 242 94
430 191 555 239 ¹nrrrr.
593 188 785 238 ssuurnsn.
809 183 885 234 r-s.

83 333 90 346 '
189 325 398 411 vectigalibus
419 346 487 390 non
515 325 619 390 solum
647 328 684 388 ut
705 326 788 388 esset
801 322 959 470 pecunia,
987 343 1070 405 quae
1092 320 1158 386 ao-

189 410 293 475 manis
314 431 353 474 ex
374 408 502 474 foedere
530 408 738 492 penderetur,
766 428 800 471 se
848 407 945 471 etiam
966 411 1159 489 superesset,

160 508 272 578 cquae
286 494 322 558 in
341 494 463 559 aerario
478 496 697 577 reponeretur.
729 490 843 556 deinde
858 494 1034 573 annopost
1065 503 1158 573 prae-

188 579 318 662 turaml,
339 577 384 643 M.
401 576 534 644 Claudio
556 577 593 642 L.
608 576 707 642 Furio
728 575 922 658 consulibus,
937 572 1042 639 Roma
1069 573 1158 658 egati

188 661 314 728 Kartha
339 662 346 676 '
373 682 424 742 em
445 663 612 738 venerunt.
654 660 714 724 hos
734 658 900 723 Hannibal
921 662 1010 722 ratus
1031 659 1082 722 sui
1104 679 1157 721 ex-

188 768 309 830 poscen
363 746 468 831 gratia
489 746 618 827 missos,
639 745 827 828 priusquam
853 743 892 806 iis
914 746 1044 806 senatus
1068 741 1158 806 dare-
1290 777 1291 822 p

189 835 259 914 tur,
280 851 397 896 navem
418 829 562 895 escendit
582 829 665 893 clam
694 850 714 892 a
749 848 790 891 ue
811 827 847 891 in
874 825 999 910 Syriam
1020 824 1062 890 ad
1089 828 1159 890 An-
1290 823 1291 896 l

52 944 55 950 ·
161 915 337 980 ttiochum
362 913 517 998 profugit.
560 913 621 978 hac
642 933 720 996 rep
753 933 805 976 am
825 911 913 975 facta
933 910 1036 975 Poeni
1057 931 1156 974 nares

192 997 286 1095 duas,
314 1019 396 1096 quae
424 1019 497 1062 eum
524 995 846 1082 comprehenderent,
873 995 900 1058 si
926 998 1059 1078 possent
1080 1014 1156 1058 con·

128 1080 133 1088 '
190 1102 296 1165 sequr,
322 1085 493 1146 mrserunt:
526 1081 613 1145 bona
641 1081 709 1146 sius
735 1079 956 1164 publicarunt,
984 1077 1115 1142 domum
1137 1100 1160 1141 a

189 1165 407 1231 fundamentis
430 1165 630 1249 disiscemnt‚
653 1167 759 1248 ipsum
781 1163 907 1228 exulem
928 1162 1122 1230 iudicarunt.
1222 1199 1226 1206 .
1290 1215 1291 1234 2

153 1251 174 1314 8
272 1252 318 1314 At
339 1249 504 1314 Hannibal
526 1271 613 1314 anno
634 1249 749 1332 tertio,
771 1253 942 1332 postquam
965 1248 1061 1314 domo
1082 1270 1160 1333 pro-

188 1335 331 1429 fugerat,
363 1333 399 1398 L.
428 1333 577 1399 Cornelio
607 1331 644 1408 Q.
672 1331 816 1398 Minucio
851 1333 1052 1417 consulibus,
1082 1354 1156 1400 cum

189 1438 331 1501 qumque
352 1416 488 1482 navibus
510 1417 654 1481 Africam
682 1417 816 1482 accessit
847 1418 882 1481 in
915 1417 1033 1482 finibus
1060 1417 1155 1501 Gyre-
1290 1429 1291 1434 ’

188 1521 357 1584 nasorum,
394 1501 422 1564 si
452 1503 537 1566 torte
563 1500 850 1586 Karthaginienses
877 1501 918 1565 ad
946 1501 1067 1590 bellum
1088 1504 1156 1566 An·

188 1585 289 1649 tiochi
304 1605 360 1668 spe
373 1584 552 1668 fiduciaque
573 1584 810 1667 inducerentur,
833 1585 885 1651 cui
906 1586 971 1650 iam
992 1599 1155 1682 persuase-
1290 1603 1291 1608 ’

188 1672 254 1752 rat,
280 1672 317 1733 ut
343 1689 416 1733 cum
444 1668 634 1733 exercitibus
663 1669 699 1732 in
730 1668 857 1733 Italiam
889 1669 1153 1752 proficrsceretur.

159 1752 253 1816 chuc
274 1751 447 1836 Magonem
468 1751 602 1816 fratrmn
617 1753 742 1823 exciuit.
779 1751 813 1815 id
834 1752 888 1816 ubi
903 1752 1006 1817 Poeni
1019 1753 1156 1818 rescire·
1290 1797 1291 1802 κ

187 1838 273 1917 runt,
295 1834 468 1919 Magonem
483 1835 604 1918 eadem,
626 1857 690 1919 qua
710 1835 859 1920 fratrem,
881 1838 1046 1902 absentem
1067 1829 1165 1902 adia-¹
1290 1877 1291 1936 p

97 1931 99 1938 ’
187 1923 301 1984 cerunt
323 1940 438 2002 poena.
481 1919 531 1984 illi
559 1919 732 2003 desperatis
760 1922 854 1985 rebus
882 1941 955 1985 cum
983 1921 1161 1987 solvissent.
1290 1963 1291 1966 =

186 2024 286 2068 naves
307 2024 344 2067 ac
365 2003 438 2068 vela
458 2004 563 2068 ventis
585 2003 760 2086 dedissent,
786 2003 952 2068 Hannibal
976 2004 1016 2068 ad
1038 2007 1152 2071 Antio-
1290 2011 1291 2092 ζ

187 2087 284 2152 chum
304 2087 460 2170 pervenit
497 2086 537 2150 de
551 2086 702 2172 Magonis
715 2089 850 2152 interitu
864 2087 982 2172 duplex
996 2091 1152 2154 memoria

186 2169 315 2266 prodita
341 2174 404 2234 est:
436 2191 575 2253 namque
604 2171 660 2234 alii
686 2171 871 2256 naufragio,
899 2173 955 2236 alii
977 2194 996 2237 a
1017 2174 1162 2238 servulis-

157 2265 288 2349 crpsrus
306 2245 524 2350 interfectum·
539 2275 613 2317 eum
642 2254 796 2352 scriptum
823 2255 1030 2338 reliquerunt.
1084 2260 1151 2355 An-

186 2337 684 2518 {itihitiilssiititfflain
691 2338 1151 2570 Mttlptllltrttttt

184 2503 866 2654 fflgspbaugppsspfflpyffie
884 2529 1009 2654 tm
1023 2508 1151 2656 titt

155 2682 172 2731 4
186 2674 296 2736 tamen
315 2609 561 2769 nullandeseruit
581 2611 693 2770 iunia
718 2612 859 2770 piadtuit
872 2611 988 2756 {rabitis
1002 2613 1151 2771 ilaglbls',

185 2776 335 2908 libid
348 2754 1152 2922 trittffitttlsrffitlttttt
1253 2893 1257 2900 .

183 2861 277 2990 lixit
312 2944 376 3007 quo
399 2945 472 2988 curn
493 2909 699 2988 multitudine
714 2923 967 2987 adversariorum
990 2924 1040 2988 sui
1058 2946 1151 3008 supe·

184 3009 346 3103 rarentur,
367 3007 379 3070 i
403 3029 452 3091 se,
474 3028 538 3091 quo
561 3028 661 3072 cornu
683 3028 751 3071 rem
772 3006 886 3154 {essil'
908 3006 972 3072 fuit
993 3009 1149 3106 superior.

148 3089 169 3152 9
267 3091 431 3186 Antrocp
450 3091 572 3176 fugato,
595 3112 709 3156 verens
722 3112 764 3155 ne
801 3090 955 3175 ederetur,
978 3091 1065 3176 quod
1079 3113 1149 3156 sme

184 3172 281 3238 dubio
304 3172 483 3258 accidisset,
510 3175 538 3238 si
565 3174 615 3239 sui
637 3174 765 3241 fecisset
789 3179 996 3260 potestatem,
1020 3175 1148 3242 Cretam

183 3257 224 3322 ad
246 3255 421 3340 Gortynios
441 3259 545 3340 venit,
567 3262 605 3323 ut
625 3259 687 3343 ibi,
714 3281 779 3344 quo
808 3282 842 3325 se
869 3259 1044 3342 conferret,
1074 3281 1149 3325 con·

155 3341 348 3406 asideraret.
391 3341 472 3406 vidit
493 3347 601 3407 autern
627 3344 678 3408 vir
703 3345 847 3411 omnium
869 3344 1091 3410 callidissimus
1112 3345 1149 3408 in

184 3444 302 3508 magno
318 3446 352 3492 se
366 3424 436 3492 fore
450 3427 604 3512 periculo,
625 3428 689 3496 nisi
705 3430 782 3514 quid
794 3429 998 3514 providisset,
1014 3431 1165 3512 propter·
