2606 3940
234 245 275 309 96
489 258 588 305 xx111.
624 236 814 305 naumann.
838 255 876 302 11.
901 255 940 304 m.

234 394 301 458 acie
323 393 512 474 constituta,
541 393 726 474 priusquam
753 393 881 477 signum
902 411 1030 478 pugnae
1057 393 1192 478 daretur,

233 477 408 560 Hannibal,
430 480 466 540 ut
487 476 593 559 palam
614 475 734 540 faceret
755 477 830 560 suis,
856 498 919 560 quo
942 478 1012 542 loco
1035 476 1194 542 Eumenes

205 566 327 645 resset,
349 561 551 624 tabellarium
573 561 608 624 in
623 559 741 642 scapha
756 581 827 624 cum
843 561 979 625 caduceo
994 561 1103 626 mittit.
1141 563 1195 644 qui
1265 551 1266 644 i

234 647 290 709 ubi
319 645 359 708 ad
386 665 483 709 naves
511 644 763 708 adversariorum
791 645 939 727 pervenit
965 645 1195 729 epistolamque
1265 653 1266 716 l

235 729 406 793 ostendens
433 749 466 792 se
493 749 601 812 regern
630 727 791 811 professus
819 733 867 792 est
894 749 1060 811 quaerere,
1088 730 1195 794 statim
1265 731 1266 776 ἶ

235 813 275 877 ad
303 812 481 878 Eumenem
510 812 661 876 deductus
689 815 751 893 est,
786 811 872 894 quod
899 833 993 876 nemo
1022 812 1194 896 dubitabat,

235 898 314 980 quin
329 896 450 979 aliquid
466 895 503 959 de
518 916 595 979 pace
610 898 694 960 esset
709 894 870 978 scriptum.
907 896 1093 960 tabellarius
1108 897 1195 961 ducis

235 1002 317 1044 nave
345 980 504 1044 declarata
531 980 597 1044 suis
619 979 746 1063 eodem,
775 979 859 1043 unde
887 983 955 1043 erat
976 1000 1135 1066 egressus,
1163 1003 1195 1045 se

205 1064 366 1147 orecepit.
410 1067 444 1126 at
454 1063 617 1128 Eumenes
632 1063 738 1127 soluta
752 1063 887 1146 epistola
908 1063 992 1127 nihil
1013 1065 1049 1127 in
1069 1085 1106 1128 ea
1128 1086 1195 1147 rep·
1265 1105 1266 1112 κ

235 1149 334 1231 perit,
369 1148 433 1212 nisi
467 1169 548 1230 quae
582 1147 622 1211 ad
655 1146 851 1211 irridendum
884 1167 956 1211 eum
989 1148 1194 1231 pertinerent.

236 1233 325 1296 ouius
348 1232 407 1296 etsi
429 1233 555 1296 causam
570 1231 746 1295 mirabatur
759 1251 864 1314 neque
878 1232 1066 1316 reperiebat,
1087 1235 1195 1296 tamen
1265 1247 1266 1296 ξ

206 1315 394 1399 aproelium
416 1316 523 1379 statim
551 1315 748 1378 committere
773 1336 842 1379 non
871 1315 1037 1380 dubitavit.
1079 1315 1195 1380 horum
1265 1329 1266 1376 ἲ

236 1402 270 1463 in
293 1420 449 1463 concursu
471 1398 618 1482 Bithynii
639 1397 831 1463 Hannibalis
858 1403 1028 1484 praecepto
1055 1400 1197 1465 universi

237 1504 353 1546 navem
374 1482 529 1547 Eumenis
551 1483 748 1547 adoriuntur.
792 1503 928 1565 quorum
955 1485 1021 1547 rim
1048 1504 1104 1548 rex
1125 1505 1197 1548 cum

236 1567 392 1631 sustinere
413 1588 481 1632 non
502 1569 620 1650 posset,
641 1567 720 1652 fuga
734 1566 869 1632 salutem
891 1568 986 1651 petit:
1010 1589 1106 1652 quum
1123 1589 1197 1633 con·

236 1653 363 1715 secutus
390 1671 457 1715 non
485 1655 581 1732 esset,
608 1651 671 1714 nisi
693 1651 778 1714 intra
799 1672 857 1714 sua
879 1651 1037 1734 praesidia
1058 1673 1092 1716 se
1113 1674 1197 1717 rece·

207 1736 337 1817 episset
369 1755 450 1817 quiae
472 1735 507 1797 in
528 1735 674 1816 proximo
695 1733 789 1798 litore
812 1738 904 1798 erant
925 1735 1088 1800 collocata.
1124 1737 1197 1801 reli·
1265 1777 1266 1784 κ

101 1813 105 1823 ’
238 1839 320 1901 quae
336 1784 557 1902 l’ergamenac
584 1837 682 1881 naves
704 1838 776 1882 cum
798 1817 995 1883 adversarios
1016 1825 1212 1966 premerent
1265 1839 1266 1910 q

236 1903 355 1983 acrius,
381 1905 512 1986 repente
533 1901 569 1964 in
591 1921 643 1965 eas
665 1921 741 1964 vasa
762 1901 882 1984 fictilia,
905 1901 942 1966 de
965 1903 1020 1985 qui
1042 1925 1080 1967 us
1102 1925 1199 1988 supra
1265 1913 1266 1966 l

236 1987 434 2051 mentionem
460 1985 603 2066 fecimus,
625 1985 741 2049 coniici
763 1989 876 2068 coepta
893 1989 977 2049 sunt.
1013 2008 1093 2069 quae
1115 1989 1199 2052 iacta

236 2071 330 2135 initio
359 2070 459 2134 risum
486 2069 705 2154 pugnantibus
727 2068 944 2152 concitarunt,
972 2091 1197 2154 nequequam

208 2154 272 2216 oid
298 2155 390 2216 fieret
414 2157 542 2235 poterat
563 2152 717 2236 intellegi.
767 2156 937 2236 postquam
965 2158 1071 2217 autem
1098 2175 1198 2220 naves

237 2257 309 2299 suas
332 2235 476 2319 oppletas
498 2238 732 2317 conspexerunt
745 2237 954 2320 serpentibus,
976 2256 1061 2302 nova
1079 2259 1114 2302 re
1128 2260 1199 2322 per·
1265 2281 1266 2312 t

237 2319 350 2401 territi,
373 2340 455 2400 cum,
477 2318 554 2402 quid
575 2319 778 2402 potissimum
791 2321 939 2403 vitarent,
960 2341 1029 2386 non
1042 2321 1199 2406 viderent,
1265 2321 1266 2414 l

211 2425 360 2552 ,stit
383 2403 1201 2555 tltttttlttttlttptltttzllt

237 2573 413 2655 superavit,
440 2592 544 2654 neque
571 2575 640 2634 tum
662 2571 781 2654 solum,
804 2571 857 2635 sed
880 2593 973 2655 saepe
988 2509 1077 2636 gsalicas
1104 2573 1201 2655 pede·

237 2657 355 2729 stribus
378 2655 478 2738 copiis
500 2655 569 2738 pari
591 2655 760 2738 prudentia
782 2655 906 2739 pepulit
928 2655 1134 2737 adversarios.
1265 2687 1266 2716 r

191 2739 229 2804 12
324 2739 412 2813 Quae
434 2738 509 2803 dum
531 2739 566 2802 in
588 2739 666 2802 Asia
681 2742 845 2823 geruntur,
868 2738 982 2801 accidit
1003 2757 1077 2800 casu
1100 2742 1137 2802 ut
1156 2741 1201 2804 le·
1265 2735 1266 2806 l

237 2823 306 2907 gati
327 2822 459 2887 Prusiae
482 2821 602 2887 Iiornac
630 2821 715 2905 apud
737 2821 772 2885 T.
797 2820 963 2894 Quintium
980 2819 1202 2889 Flamininum
1265 2827 1266 2840 ¹

238 2907 438 2972 consularem
465 2909 629 2986 cenarent,
658 2909 753 2986 atque
775 2904 821 2968 ibi
843 2902 881 2966 de
903 2903 1084 2970 Hannibale
1110 2928 1202 2972 men-

237 2991 326 3054 tione
348 2991 433 3055 facta
455 3011 493 3054 cx
514 2991 553 3054 iis
574 3009 658 3054 unus
674 2989 791 3052 diceret
813 3007 885 3052 eum
902 2989 936 3052 in
951 2987 1083 3054 Prusiae
1097 3011 1201 3076 regno

207 3087 316 3139 resse.
371 3075 405 3137 id
436 3078 565 3158 postero
599 3073 648 3136 die
682 3070 882 3136 Flamininus
916 3073 1040 3138 senatui
1061 3073 1201 3140 detulit.

237 3156 344 3241 patres
366 3157 554 3240 conscripti,
583 3157 637 3239 qui
658 3154 840 3220 Hannibale
867 3157 941 3220 vivo
967 3179 1143 3240 numquam
1166 3181 1203 3223 se

237 3242 307 3306 sine
329 3240 453 3306 insidiis
474 3242 600 3304 futuros
623 3240 855 3324 existimarent,
883 3241 1007 3326 legatos
1029 3243 1064 3305 in
1086 3241 1204 3326 Bithy·
1265 3267 1266 3280 ¹

238 3327 325 3389 niam
346 3326 523 3406 miserunt,
539 3325 574 3388 in
595 3324 635 3388 iis
655 3321 888 3408 Flamininum,
911 3327 967 3409 qui
988 3327 1028 3390 ab
1050 3345 1124 3411 rege
1146 3349 1205 3410 pe-

238 3412 356 3488 terent,
385 3431 426 3474 ne
447 3409 703 3474 inimicissimum
725 3431 818 3476 suum
840 3431 947 3476 secum
972 3409 1104 3474 haberet
1125 3411 1205 3474 sibi-

208 3503 300 3574 sque
323 3492 459 3559 dederet
495 3494 547 3559 his
561 3493 675 3560 Prusia
689 3515 807 3580 negare
830 3516 926 3560 ausus
947 3513 1015 3558 non
1035 3497 1097 3558 est:
1119 3493 1206 3561 illud
