2606 3940
389 273 448 324 xv.
483 270 743 323 areumounes.
764 268 840 318 4-a.
1054 256 1098 322 59

135 408 306 476 Chabriam
315 409 556 492 Atheniensem,
567 409 605 473 de
620 429 684 506 quo
699 428 795 493 supra
809 406 1006 506 mentionem
1020 406 1096 504 ieci·

134 515 215 578 mus,
238 494 350 559 effecit.
385 493 596 559 abstinentiae
618 496 680 558 ent
699 493 763 557 hoc
776 495 853 556 satra
867 494 1128 589 testrmonrum.c

134 578 274 727 plurima
295 578 424 662 quidem
445 577 588 676 proferre
609 597 788 726 possumus,
810 574 866 640 sed
879 574 994 641 modus
1008 574 1099 640 adhr-

158 661 258 728 endus
273 666 330 746 est,
354 682 506 747 quomam
527 683 592 727 uno
639 681 677 727 oc
691 659 854 726 volumine
875 659 976 724 vitam
998 659 1099 724 excel·

134 746 271 812 lentium
282 747 426 812 virorum
439 746 650 830 complurium
661 743 850 811 concludere
864 742 1098 822 constituimus,

135 851 273 914 quorum
288 831 459 915 separatim
473 830 582 896 multis
597 830 727 895 milibus
747 849 897 896 versuum
919 826 1099 911 complures

135 915 307 999 scriptores
328 919 403 980 ante
424 935 484 981 nos
506 914 714 1000 explicarunt.

220 998 297 1064 Fuit
322 1000 419 1065 etiam
440 999 577 1065 disertus
584 1049 593 1082 ,
622 1002 659 1064 ut
678 1019 773 1064 nemo
796 998 826 1063 ei
846 997 1020 1066 Thebanus
1041 999 1138 1083 perh

136 1086 220 1149 esset
233 1083 426 1167 eloquentia,
447 1104 552 1168 neque
573 1083 680 1147 minus
695 1082 871 1149 concinnus
893 1083 928 1147 in
943 1083 1099 1149 brevitate

135 1165 1129 1335 stt‘'ttttttttntzatttttttttmtstt²
1196 1273 1198 1278 ι

135 1335 264 1420 Thebis,
287 1340 320 1401 et
340 1337 556 1403 adversarium
576 1337 612 1401 in
631 1335 884 1402 administranda
904 1301 939 1400 r’e
960 1335 1099 1420 publica,

135 1421 213 1485 satis
235 1421 444 1485 exercitatum
464 1421 500 1485 in
522 1419 671 1501 dicendo,
693 1425 731 1485 ut
751 1418 941 1485 Thebanum
962 1419 1099 1485 scilicet:

135 1525 275 1588 namque
302 1503 351 1569 illi
378 1504 467 1590 genti
493 1504 565 1587 plus
592 1504 677 1570 inest
694 1504 814 1568 ‘virium
842 1525 939 1587 quam
964 1504 1099 1651 ingenii.

135 1590 175 1670 is,
197 1587 284 1672 quod
304 1588 340 1651 iu
360 1607 395 1652 re
409 1587 541 1652 militari
560 1587 673 1653 florere
687 1586 946 1672 Epaminondam
960 1588 994 1653 ri
1016 1589 1130 1671 ababa

135 1673 260 1737 hortari
275 1671 398 1738 solebat
411 1671 591 1753 Thebanos,
614 1675 651 1736 ut
660 1692 776 1819 pacem
791 1671 878 1737 bello
892 1670 1100 1752 anteferrent,

135 1778 177 1822 ne
199 1756 286 1821 illius
312 1755 514 1854 imperatoris
536 1776 633 1841 opera
682 1755 901 1822 esideraretur.
943 1755 1020 1822 huic
1045 1755 1100 1821 ille

136 1840 245 1906 ‘fallis’
278 1840 385 1937 inquit
417 1841 525 1905 ‘verbo
553 1840 638 1906 cives
659 1845 733 1906 tuos
740 1889 750 1924 ,
778 1840 865 1924 quod
891 1840 951 1905 hos
973 1840 1100 1906 abella

136 1944 266 1990 avocas:
289 1923 349 1989 otri
364 1924 449 1988 enim
467 1923 599 1989 nomine
621 1925 809 1990 servitutem
824 1924 985 1990 concilias.
1022 1935 1131 1989 name

135 2010 261 2157 paritur
274 2029 339 2092 pax
352 2007 447 2073 bello.
485 2009 592 2156 iterpre
607 2008 663 2092 qui
685 2029 723 2073 aa
742 2007 867 2094 (Ιίιιίιίιιιι
887 2008 1004 2072 volunt
1024 2007 1100 2092 frui,

160 2093 222 2158 ello
237 2091 401 2157 exercitati
416 2113 483 2157 esse
503 2092 542 2156 de
565 2095 629 2157 eut.
666 2113 765 2176 quare
786 2093 814 2158 si
827 2091 989 2177 principes
1004 2089 1101 2157 Grae·

136 2178 204 2242 aiae
225 2176 331 2242 sultis¹
345 2196 422 2260 esse,
445 2177 556 2242 castris
577 2180 626 2242 est
646 2177 740 2242 robis
761 2176 930 2260 utendum,
955 2197 1023 2241 non
1045 2197 1100 2262 pa·
1185 2230 1188 2235 .

136 2261 273 2326 mestre!
323 2259 408 2325 idem
434 2260 488 2324 ille
510 2259 703 2326 Meneclides
730 2281 803 2326 cum
829 2261 905 2325 huic
937 2261 1129 2346 obiiceret,o

137 2344 223 2427 quod
249 2344 367 2408 liberos
394 2363 462 2408 non
494 2345 626 2409 haberet
651 2365 674 2408 u
718 2365 757 2409 ue
790 2365 922 2410 uxorem
949 2343 1100 2425 duxisset,

135 2429 336 2510 maximeque
368 2426 588 2511 insolentiam,
629 2447 693 2509 quo
752 2426 814 2492 sibi
845 2428 1100 2524 Agamemnonis

135 2510 213 2576 belli
235 2510 373 2596 gloriam
400 2509 561 2574 videretur
587 2513 793 2575 consecutus:
827 2512 861 2575 at
888 2510 943 2574 rlle
966 2510 1098 2576 ‘desine’

136 2595 171 2660 in
194 2595 243 2661 uit
265 2593 470 2676 ‘Meneclida,
501 2593 539 2659 de
567 2614 665 2658 uxore
687 2593 768 2658 mihi
790 2594 996 2678 exprobrare:
1024 2615 1100 2660 nam

136 2700 181 2744 nu
209 2679 256 2744 ‘ue
277 2678 313 2742 in
326 2678 389 2743 ista
409 2699 444 2748 re
466 2677 573 2742 minus
592 2677 641 2742 uti
663 2678 797 2744 consilio
819 2677 917 2743 volo?
948 2678 1101 2761 (habebat

137 2763 223 2827 enim
237 2762 430 2828 Meneclides
444 2761 659 2846 suspicionem
673 2761 846 2848 adulterii.)
877 2763 976 2846 ‘quod
990 2764 1098 2828 autem
1112 2775 1129 2826 a

136 2868 187 2912 me
214 2849 491 2994 Apamemnonem
518 2845 673 2914 aemulari
689 2850 808 2931 putas,
836 2845 967 2912 fallaris.
1011 2867 1100 2911 nam·

137 2951 199 3014 que
220 2931 244 2994 il
258 2951 274 2995 e
289 2951 362 2996 cum
376 2933 526 2997 universa
540 2929 674 2997 Graecia
694 2929 750 2994 vix
763 2930 872 2996 decem
893 2931 986 2996 annis
1001 2951 1100 2996 unam

136 3014 223 3097 cepit
242 3014 370 3096 urbem,
392 3035 452 3100 ego
475 3018 587 3082 eontra
608 3035 646 3079 ea
666 3034 732 3079 una
753 3016 831 3078 urbe
853 3018 964 3080 nostra
984 3013 1099 3098 dieque

137 3118 203 3164 uno
225 3100 328 3162 totam
344 3097 511 3164 Graeciam
524 3097 785 3164 Lacedaemoniis
807 3098 927 3184 fugatis
941 3098 1097 3164 liberavi!

220 3180 309 3246 Idem
331 3202 405 3246 curn
425 3182 673 3248 inconventum
693 3183 833 3249 venisset
853 3181 1023 3264 Arcadum,
1045 3181 1134 3266 pra-6

135 3271 208 3332 tens
223 3270 260 3331 ut
279 3266 463 3332 societatem
477 3286 550 3331 cum
563 3265 725 3332 Thebanis
747 3270 780 3332 et
793 3266 923 3354 Argivis
944 3267 1098 3364 facerent,

135 3355 311 3435 contraque
344 3348 559 3432 Callistratus,
592 3350 839 3415 Atheniensium
870 3350 1010 3434 legatus,
1042 3369 1098 3432 qur

136 3436 320 3519 eloquentia
341 3453 452 3500 omnes
474 3453 512 3498 eo
536 3435 720 3517 praestabat
739 3439 898 3518 tempore,
920 3433 1098 3516 postularet

136 3522 173 3584 ut
204 3520 311 3604 potius
342 3517 515 3606 amicitiam
542 3522 749 3602 sequerentur
776 3517 973 3600 Atticorum,
1001 3520 1034 3584 et
1062 3517 1097 3603 in
