2590 3946
432 269 481 318 1x.
518 269 644 318 CONON.
667 265 691 315 A.
712 265 738 315 3.
1025 256 1068 320 35

105 409 143 470 ut
169 403 306 470 multum
392 405 439 468 tia
466 404 603 487 valeret,
631 399 733 468 multa
760 402 870 468 labore
896 405 1069 489 multisque

105 489 211 554 effecit
231 489 317 573 perit
356 490 390 552 ‘a
427 509 503 552 nam
517 509 589 552 eum
604 487 849 552 Lacedaemonii
863 489 1097 554 Atheniensi-2

104 575 166 638 bus
189 573 321 638 devietis
343 573 379 636 in
401 572 552 636 societate
571 593 639 636 non
667 576 849 656 manerent,
878 593 975 657 qnam
996 594 1069 638 eum

103 661 282 722 Artaxerxe
297 657 449 740 fecerant,
471 656 721 741 Agesilaumque
742 656 896 720 bellatum
909 657 1070 724 misissent

104 742 141 805 in
168 742 295 825 Asiam,
322 740 472 805 maxime
487 741 618 824 impulsi
650 763 670 804 a
696 739 924 825 lissapheme,
953 742 1009 824 qui
1031 763 1070 805 ex

103 825 228 890 intimis
249 825 334 923 regis
356 825 396 888 ab
419 823 559 890 amicitia
586 825 653 890 eiua
681 824 841 889 deleuerat
862 829 895 890 et
916 845 989 889 eum
1010 825 1070 889 La-

104 909 320 974 cedaemonhs
343 899 462 974 coierat
484 909 680 993 societatem,
703 909 789 974 hune
804 908 955 974 adversus
970 909 1070 973 Phar·

103 994 246 1058 nabazus
267 993 397 1058 habitus
412 997 460 1058 est
474 993 657 1078 imperator,
673 1014 711 1057 re
734 991 862 1077 quidem
884 1014 960 1058 vera
982 1013 1069 1070 exer-

105 1077 184 1142 eitui
211 1077 350 1162 praefuit
379 1076 494 1144 Conon
522 1079 653 1162 eiusque
681 1077 790 1142 omnia
817 1077 949 1142 arbitrio
979 1081 1070 1162 gesta

104 1165 190 1226 sunt
233 1162 286 1226 hie
311 1162 450 1226 multum
477 1161 589 1227 ducem
616 1183 776 1226 summum
796 1161 985 1246 Agesilaum
1009 1161 1098 1226 ima

104 1245 227 1329 pedivit
254 1267 411 1330 saepeque
440 1246 507 1312 eius
529 1246 671 1311 consiliis
698 1245 838 1329 obstitit,
865 1266 970 1330 neque
991 1267 1068 1310 vero

103 1350 173 1394 non
199 1330 263 1395 fuit
290 1334 452 1414 apertum,
487 1331 515 1395 si
542 1331 597 1395 ille
625 1349 693 1396 non
719 1329 849 1414 fuisset,
881 1329 1069 1415 Agesilaum

104 1413 217 1478 Asiam
251 1414 357 1479 Tauro
394 1417 490 1478 tenus
521 1415 590 1499 regi
626 1415 725 1478 luisse
763 1418 955 1498 erepturum
1011 1415 1099 1497 quit

104 1501 316 1644 fiosteaquam
330 1499 461 1562 domum
475 1519 495 1560 a
509 1499 575 1562 suis
590 1498 713 1562 civibus
727 1502 895 1563 revocatus
910 1501 968 1582 est,
1005 1498 1070 1563 uod

136 1583 236 1646 oeotii
258 1585 290 1646 et
303 1581 518 1646 Athenienses
534 1581 794 1646 Lacedaemoniis
807 1582 929 1646 bellum
948 1583 983 1646 in
1008 1581 1015 1596 '
1040 1601 1069 1644 e·

104 1669 193 1749 rant,
217 1664 331 1731 Conon
352 1664 573 1731 nihilosecius
596 1665 681 1751 apud
701 1665 880 1750 praefectos
902 1665 987 1750 regis
1001 1685 1070 1728 ver·

105 1749 237 1814 sabatur
258 1750 361 1834 iisque
384 1751 533 1815 omnibus
554 1772 607 1814 ma
654 1771 673 1814 ο
696 1751 765 1814 erat
786 1749 869 1814 usui.
1054 1791 1060 1804 ·

189 1831 360 1899 Deiecerat
374 1856 394 1898 a
407 1855 482 1932 rege
497 1833 608 1918 lissap
633 1855 740 1917 emes,
759 1853 864 1917 neque
879 1833 913 1897 id
927 1835 994 1898 tam
1008 1835 1067 1898 Ar·
1084 1835 1104 1897 3

104 1917 229 1982 taxerxi
249 1939 346 2001 quam
367 1921 481 1981 setena
495 1921 563 1982 erat
584 1921 745 2000 apertum:
767 1917 878 1982 multis
900 1917 985 1982 enim
1003 1939 1069 1981 ma·

105 2001 242 2086 gnisque
271 2001 394 2064 meritis
415 2001 501 2084 apud
522 2020 646 2085 regem,
674 2000 771 2082 etiam
797 2022 871 2066 eum
898 2001 934 2064 in
961 2000 1068 2065 officio

105 2105 175 2150 non
196 2089 354 2168 maneret,
377 2084 513 2172 valebat.
556 2105 661 2169 neque
682 2084 716 2149 id
738 2087 806 2149 erat
827 2083 1019 2168 mirandum,
1042 2085 1070 2149 si

105 2190 174 2234 non
202 2167 296 2233 facile
319 2168 359 2232 ad
389 2167 580 2232 eredendum
602 2168 831 2253 adducebatur,
860 2169 1069 2233 reminiscens

106 2255 174 2317 eius
196 2273 230 2317 se
252 2274 350 2337 opera
364 2251 483 2336 Cyrum
497 2253 629 2316 frahem
650 2273 824 2337 superasse.
860 2251 956 2318 huius
977 2265 1097 2318 aneu-a

106 2335 198 2401 sandi
220 2337 325 2421 gratia
346 2335 461 2433 Conon
488 2359 508 2400 a
523 2336 736 2434 ,Pharnabazo
758 2337 799 2401 ad
823 2357 932 2421 regem
953 2337 1069 2404 missus

105 2423 327 2586 {lilith
346 2419 1069 2588 {thiatmallgalllliffit

106 2587 314 2653 Tithrausten
335 2587 468 2652 accessit
489 2608 585 2686 aeque
605 2587 747 2652 ‘ostendit
775 2609 847 2653 eum
874 2609 908 2653 re
932 2610 949 2652 e
971 2589 1068 2654 eolle-

106 2609 990 2841 suusauauuaanau-„la
1004 2673 1097 2824 lh

106 2841 197 2923 loqui
217 2841 310 2906 malis
332 2862 375 2904 an
395 2861 453 2925 per
474 2804 598 2904 littehas
619 2860 714 2925 agere
736 2863 816 2925 quae
838 2808 970 2928 e'ogitas.
1013 2865 1069 2908 ne·

100 2944 192 3004 ‚cesse
215 2928 263 2988 est
284 2925 384 3007 enim,
413 2925 441 2988 si
467 2925 503 2990 in
528 2928 734 3008 conspectum
755 2927 894 3012 veneris,
921 2928 1068 2992 venerari

105 3011 139 3072 te
166 3027 275 3091 regem
309 3007 407 3094 [quod
434 3009 646 3088 προεκύνηειν
679 3008 728 3072 illi
756 3010 895 3097 vocant}
949 3013 1011 3077 hoe
1039 3011 1068 3077 si

17 3113 20 3117 ·
105 3091 167 3156 tibi
188 3110 286 3176 grave
308 3095 357 3155 est
387 3113 445 3176 per
466 3114 517 3158 me
538 3092 643 3158 nihilo
665 3093 768 3157 senius
792 3094 885 3158 editis
906 3096 1067 3162 mandatis

105 3175 255 3242 conficies
277 3141 365 3258 quoti
389 3175 518 3242 studes’.
558 3181 628 3242 tum
655 3175 770 3242 Conon
792 3178 885 3243 ‘mihi
906 3186 995 3245 vero'
1018 3181 1098 3245 ins

105 3261 177 3410 tl
198 3261 828 3412 llaffiathttmlat⁰tt⁰l
848 3263 1067 3412 lisama

105 3451 178 3494 eum
200 3451 239 3494 ex
261 3449 299 3493 ea
316 3393 381 3492 ’sim
401 3426 578 3512 profectus,
601 3449 682 3512 quae
704 3370 994 3517 ceanspghntibm'
1009 3397 1068 3496 ims

104 3535 216 3600 parare
252 3512 428 3596 consuerit,
465 3511 572 3596 potius
603 3513 813 3579 barbarorum
847 3536 944 3598 quam
980 3515 1066 3581 illius

722 3646 724 3652 .
828 3621 862 3670 3·
