2590 3946
402 237 461 288 vn.
489 237 709 288 raomrrors.
731 236 755 286 s.
777 237 803 286 o.
1040 224 1083 294 2⁵1

122 372 255 440 Samum
282 373 455 439 exercitum
479 373 637 456 habebat,
665 395 722 456 per
743 372 959 439 internuntios
985 375 1083 440 collo·

121 458 233 542 quitur
254 461 286 522 et
308 458 346 522 de
367 457 472 522 reditu
494 479 552 522 suo
567 457 645 522 facit
665 457 871 523 mentionem.
907 461 975 522 erat
997 459 1083 524 enim

94 603 97 610 ,
123 542 235 607 eodem
257 563 320 626 quo
343 540 526 606 Alcibiades
548 561 657 625 sensu,
684 541 797 625 populi
848 542 988 607 otentiae
1015 564 1083 607 non

120 627 243 691 amicus
264 629 298 690 et
312 625 515 774 offitium
529 624 645 690 fautor.
682 626 722 690 eb
744 626 806 691 hoc
824 563 997 690 destitutus
1018 627 1113 710 pri-4

121 732 210 774 mum
243 731 301 794 per
433 709 581 793 ybulum,
612 709 691 792 Lyci
722 709 841 795 filium,
869 711 909 775 ab
943 712 1084 776 exercitu

121 794 275 878 recipitur
300 797 491 879 praetorque
520 794 558 857 fit
584 793 669 875 apud
697 790 842 877 Samum,
873 798 947 878 post
974 795 1085 860 suffre-

119 882 220 962 gunte
235 877 432 944 Theramene
446 877 559 961 populi
579 876 659 942 scito
681 877 861 944 restituitur
875 879 1008 962 parique
1031 880 1084 944 ab·

120 961 356 1110 territt?
384 961 575 1112 ludit
595 961 1085 1128 turumbertus
1096 1059 1112 1108 ι

121 1150 229 1194 rerum
250 1129 336 1194 facta
357 1133 420 1212 est,
448 1134 484 1194 ut
509 1129 768 1212 Lacedaemonii,
801 1130 857 1212 qui
883 1129 980 1214 paulo
1008 1134 1084 1194 ants
1132 1103 1134 1131 Ι

122 1214 258 1278 victores
280 1214 465 1298 viguerant,
492 1213 654 1298 perterriti
675 1233 786 1296 pacem
807 1217 962 1296 peterent.
1006 1213 1086 1282 victi.

121 1299 208 1362 enirn
230 1301 323 1362 erant
342 1299 485 1381 quinque
529 1298 637 1363 roeliis
658 1297 878 1381 terrestribus,
904 1297 1007 1362 tribus
1027 1318 1084 1362 na-

121 1381 262 1465 valibus,
289 1382 325 1445 in
352 1382 468 1464 quibus
516 1385 647 1447 ucentas
675 1402 774 1447 naves
800 1381 946 1447 triremes
973 1382 1084 1446 amise-

121 1468 211 1546 rant,
239 1485 320 1547 quae
342 1469 454 1548 captas
481 1465 516 1529 in
542 1465 684 1530 hostium
705 1470 861 1530 venerunt
881 1469 1082 1550 potestatem.

122 1547 305 1613 Alcibiades
327 1548 422 1612 simul
444 1569 515 1612 cum
530 1549 661 1633 collegis
675 1552 838 1632 receperat
851 1548 985 1630 Ioniam,
1007 1549 1083 1614 Hel·
1096 1558 1113 1609 e

120 1635 315 1716 lespontum,
338 1633 454 1696 multas
475 1636 640 1716 praeterea
659 1634 753 1698 urbes
776 1632 923 1716 Graecas,
946 1635 1085 1716 quaein

123 1739 180 1781 ora
211 1719 292 1782 sites
325 1720 402 1781 sunt
432 1717 543 1799 Asiae,
581 1736 716 1799 querum
750 1721 974 1802 expugnarent
1000 1738 1084 1784 corn·

122 1803 239 1885 plures,
261 1802 296 1866 in
318 1800 369 1864 his
390 1799 591 1884 Byzantium,
615 1821 719 1884 neque
739 1801 846 1866 minus
867 1803 984 1867 multus
1009 1823 1084 1867 con·

120 1884 195 1950 silio
218 1885 258 1948 ad
279 1879 452 1949 amicitiam
474 1885 699 1966 adiunxerant,
722 1887 808 1967 quod
832 1886 869 1950 in
889 1889 1000 1969 captos
1021 1886 1082 1951 ele·

122 1969 244 2033 mentia
270 1969 399 2034 fuerant
425 1969 484 2032 usi.
527 1969 573 2032 ita
594 1967 712 2051 praeda
733 1969 857 2052 onusti,
884 1969 1111 2051 locupletator

123 2053 278 2137 exercitu,
300 2053 446 2118 maximis
468 2052 562 2116 rebus
584 2051 683 2137 gestis
704 2052 850 2118 Athenas
874 2057 1040 2119 venerunt.

150 2192 153 2198 .
205 2135 267 2202 His
293 2158 366 2202 cum
393 2137 521 2202 obviam
554 2137 704 2201 universa
731 2136 843 2201 civitas
871 2137 906 2202 in
932 2136 1120 2203 Piraeumb

121 2221 350 2305 descendisset,
379 2213 470 2286 tanta
493 2220 557 2285 fuit
578 2219 721 2285 omnium
744 2241 798 2285 exs
822 2221 937 2287 ectatio
959 2223 1084 2294 visendi

118 2305 314 2389 Alcibiadis,
341 2308 378 2369 ut
404 2305 444 2369 od
472 2305 539 2369 eius
565 2305 739 2402 triremem·
755 2242 871 2402 vuiffrs
898 2306 1082 2390 conflueret,

122 2389 257 2474 proinde
278 2409 321 2459 ac,
337 2389 365 2454 si
386 2388 474 2454 solus
488 2387 677 2454 advemsset.
714 2409 759 2452 src
775 2409 861 2452 enrm
878 2389 999 2471 populo
1014 2394 1112 2456 erate

122 2493 324 2558 persuasum,
350 2477 383 2554 et
404 2471 551 2537 adversas
572 2471 751 2556 superiores
780 2475 812 2536 et
832 2475 1015 2555 praesentes
1036 2494 1083 2538 se·

122 2557 242 2622 eundae
269 2577 320 2622 res
342 2555 492 2622 accidisse
515 2556 583 2621 eius
606 2575 712 2639 opera
755 2555 865 2638 itaque
887 2559 920 2620 et
942 2554 1083 2622 Siciliam

122 2643 271 2706 amissam
299 2644 332 2706 et
352 2639 676 2706 Lacedaemoniorum
697 2639 848 2705 victorias
874 2640 986 2722 culpes
1008 2660 1083 2706 suae

119 2726 315 2809 tribuebant,
338 2724 424 2809 quod
444 2724 542 2788 talem
563 2724 668 2788 virum
689 2744 707 2787 e
727 2724 856 2789 civitate
878 2723 1085 2807 expulissent:

122 2831 226 2893 neque
247 2809 281 2875 id
303 2809 372 2874 sine
394 2829 489 2874 eausa
510 2808 657 2872 arbitrari
671 2806 871 2874 videbuntur.
907 2828 984 2872 narn
997 2811 1083 2891 post·

122 2913 220 2976 quam
241 2894 393 2962 exercitui
413 2912 559 2977 praeesse
573 2895 731 2976 coeperet,
752 2912 857 2976 neque
878 2894 964 2956 terra
977 2911 1082 2974 neque

122 2975 204 3040 mari
230 2975 338 3040 hostes
365 2997 457 3060 peres
485 2997 553 3040 esse
583 2979 768 3124 potuerant.
822 2975 875 3038 hic
902 2979 939 3039 ut
965 2975 1111 3040 enavit

120 3064 357 3209 {diluti
370 3081 588 3225 tutudi
611 3058 1083 3227 {trististristis

121 3248 249 3310 recum,
275 3228 384 3290 temen
411 3247 512 3291 unum
539 3248 649 3292 omnes
677 3228 770 3292 illum
798 3229 1081 3311 prosequebantur,

122 3315 165 3396 et,
186 3311 220 3376 id
240 3308 328 3394 quod
348 3330 524 3394 numquam
544 3315 639 3376 antea
661 3331 720 3376 usu
741 3314 874 3400 uenerat
894 3312 957 3376 nisi
975 3309 1082 3393 Olym·

121 3395 194 3478 piae
214 3395 400 3478 victoribus,
423 3399 551 3464 coronis
570 3395 687 3459 taureis
707 3395 886 3478 taeniisque
907 3394 1005 3478 uulgo
1028 3394 1082 3458 do·

120 3479 267 3547 nabetur.
303 3478 359 3546 ille
381 3479 560 3569 lacrumans
581 3477 680 3543 tutem
692 3477 942 3544 benivolentiam
963 3477 1081 3543 civium
