2590 3946
435 223 498 272 ru.
537 221 719 273 curasses.
742 219 816 270 1—a.
1062 210 1107 277 45

138 356 280 443 praelio,
302 357 390 441 qued
410 357 496 442 apud
517 356 645 424 Thebas
665 357 757 441 feeit,
780 378 854 422 eum
875 357 1007 424 Boeotis
1034 360 1106 424 sub-

139 442 222 508 sidio
236 442 387 511 venisset.
411 462 563 525 namque
583 441 620 506 in
641 463 678 506 eo
693 441 829 508 victoria
842 441 960 508 fidente
979 455 1136 510 summes

139 527 220 625 duae
241 526 404 624 Agesilao,
426 526 548 674 fuflfatis
569 545 634 592 rem
656 526 696 590 ab
718 547 756 592 eo
777 524 985 624 eonduatiaiis
1007 530 1107 626 ester·

139 713 423 845 blitilrllulloseblt.
442 742 451 778 ’
467 716 502 842 il
521 798 643 844 novum
664 716 842 876 Agesilaui³
857 782 1012 844 contuens
1029 718 1107 863 1plra-

137 863 232 948 gresh
258 882 326 928 nen
353 865 403 928 est
423 883 519 928 ausus
548 883 686 946 suosque
713 883 779 928 ram
800 866 1001 929 incurrentes
1028 865 1107 929 tuba

138 947 312 1014 resonavit
356 946 418 1012 hoe
439 967 540 1031 usque
559 966 597 1011 eo
618 949 689 1012 tete
703 945 838 1012 Graecia
858 947 946 1013 furna
967 947 1135 1014 celebrae

139 1036 211 1096 turn
238 1033 300 1114 est,
329 1035 365 1096 ut
392 1029 448 1095 illo
483 1033 570 1096 statu
597 1029 753 1098 Chabrias
780 1031 842 1096 sibi
869 1035 1009 1098 statuam
1036 1033 1106 1097 fieri

21 1179 23 1184 .
139 1113 295 1198 soluerit,
323 1135 404 1198 quae
430 1114 559 1199 publiee
585 1115 615 1179 ei
636 1115 676 1180 ab
698 1114 950 1180 Atheniensibus
976 1116 1013 1179 in
1033 1116 1105 1181 foro

139 1198 316 1265 eonstitute
337 1201 395 1264 est
432 1219 555 1283 exque
577 1198 698 1264 iaetmn
720 1202 769 1265 est
782 1202 820 1264 ut
832 1202 946 1283 postea
966 1199 1106 1266 athletae

140 1283 303 1368 ceterique
325 1283 462 1348 artifiees
476 1283 517 1348 iis
533 1282 669 1349 statibus
682 1283 719 1348 in
732 1283 846 1350 statuis
860 1282 1018 1368 ponendis
1039 1286 1106 1350 ute

139 1371 267 1450 rentur,
311 1366 406 1431 uibus
427 1367 595 1432 victoriam
617 1371 724 1434 essent
744 1367 860 1452 adepti.

225 1387 381 1548 Chabrias
411 1453 518 1515 autem
546 1450 649 1548 multa
674 1452 710 1548 in
737 1450 869 1535 Europe
894 1452 979 1517 bella
1007 1450 1143 1518 admi-2
1178 1461 1181 1466 '

141 1535 306 1617 nistravrt,
328 1555 402 1599 eum
424 1534 488 1599 dur
509 1535 758 1600 Athsmensrum
780 1538 878 1618 esset3
900 1535 935 1600 in
955 1538 1107 1620 Aegypta

140 1621 341 1769 latsllll
353 1616 1013 1788 3⁵⁸{l‘0ttt⁶⁰tttltrtffittt
1034 1640 1136 1770 tels

140 1786 269 1870 publice
297 1808 317 1885 a
368 1785 622 1885 Atheniensibus
648 1751 819 1871 hungerus
846 1785 973 1886 afliuter
1005 1753 1107 1873 less,

95 2024 104 2033 .
141 1870 1108 2052 ttttrttttt⁰tt¹tttttttttffltth

83 2113 87 2120 ⁸
108 2119 110 2124 ,
142 2041 220 2104 sunt
240 2037 356 2121 sdeptr.
393 2041 524 2103 mterun
544 2037 666 2103 bellum
686 2039 771 2103 rnter
784 2039 964 2122 Aegyptios
986 2041 1019 2104 et
1031 2038 1137 2104 Per-a

142 2143 194 2189 sas
208 2122 383 2188 conflatum
398 2126 455 2188 est.
491 2121 706 2188 Athenienses
725 2142 799 2188 eum
813 2124 990 2188 Artaxerxe
1010 2122 1108 2189 socie·

142 2210 242 2272 tatem
261 2205 433 2290 habebant,
447 2205 693 2272 Lacedaemonii
710 2226 783 2271 eum
797 2207 967 2292 Aegyptiis
998 2229 1018 2274 a
1038 2207 1108 2291 qui-

143 2291 203 2356 bus
225 2309 360 2375 magnas
382 2290 515 2373 praedae
536 2291 716 2375 Agesilaus,
738 2311 794 2356 rex
816 2311 937 2375 eorum,
959 2257 1107 2358 iaciebat.

142 2373 176 2439 id
197 2374 327 2439 intuens
342 2371 506 2459 Chabrias,
528 2393 601 2440 eum
622 2374 658 2438 in
678 2394 714 2438 re
733 2374 825 2458 nulla
845 2375 997 2458 Agesilao
1020 2375 1108 2440 eede-

143 2462 207 2541 ret,
240 2478 298 2523 sus
326 2478 341 2521 s
366 2461 441 2522 onte
474 2479 528 2523 ees
558 2456 702 2523 adiutum
732 2456 895 2555 prefectus
928 2459 1109 2542 Aegyptiae

144 2541 238 2610 classi
259 2478 413 2625 praefuit,
435 2540 635 2624 pedestribus
656 2540 757 2624 eopirs
776 2540 956 2626 Agesilaus.

227 2625 311 2692 Tum
321 2625 475 2710 praefecti
485 2647 520 2689 re
546 2623 832 2710 ‘sPersaalegstoe
845 2625 1003 2692 miserunt
1011 2625 1144 2692 Athea
1284 2613 1285 2620 ἵ

143 2731 201 2777 nas
217 2713 375 2795 questum,
397 2707 524 2794 quedl]
568 2709 654 2774 brias
675 2709 843 2784 aduersum
863 2729 973 2808 regem
987 2710 1109 2776 bellum

166 2798 268 2860 areret
300 2815 373 2860 sum
404 2793 583 2880 Aegyptiis.
632 2792 846 2859 Athenienses
878 2793 962 2860 drem
989 2798 1109 2870 certam

143 2815 301 2944 lihabriae
322 2879 589 2962 praestituerunt,
611 2899 715 2962 quam·
729 2881 803 2943 ante
825 2877 956 2944 domurn
976 2879 1040 2943 nisi
1061 2900 1109 2943 re·

144 2961 243 3026 disset
295 2963 408 3046 eapitis
440 2983 474 3028 se
505 2962 597 3028 illum
630 2961 835 3028 damnaturos
867 2962 1108 3028 denuntiarunt.
1149 3032 1156 3039 ,

143 3045 206 3112 hee
233 3011 288 3110 ille
316 3047 430 3112 nuntio
458 3045 605 3114 Athenas
636 3045 745 3130 rediit,
777 3066 883 3131 nequa
915 3047 961 3112 ibi
989 3047 1108 3114 diutius

144 3132 193 3195 est
213 3132 372 3212 moratus,
414 3151 488 3195 uam
508 3130 573 3197 fuit
592 3151 730 3197 neeesse.
772 3150 841 3197 nen
861 3131 948 3198 enim
969 3131 1137 3198 libentera

144 3216 213 3280 erat
240 3215 315 3280 ante
342 3233 380 3279 oe
416 3233 452 3278 os
482 3235 613 3280 suorum
646 3215 779 3300 sirium,
807 3216 894 3299 quod
922 3219 955 3281 et
979 3215 1110 3281 virebat

143 3299 230 3364 laute
253 3301 286 3364 et
299 3297 390 3363 indul
414 3298 489 3362 ebat
502 3299 563 3364 sibi
577 3299 755 3383 liberalius,
778 3321 875 3384 quam
896 3303 932 3365 ut
953 3299 1108 3365 invidiam

147 3381 235 3467 vulgi
253 3385 364 3468 posset
378 3317 526 3468 abagaro.
563 3386 612 3448 est
632 3385 718 3449 enim
732 3383 795 3450 hee
808 3403 978 3451 commune
991 3381 1106 3450 vitium
1120 3395 1137 3446 e

146 3467 270 3552 magnis
306 3467 479 3550 liberisque
516 3467 713 3552 civitatibus,
755 3471 792 3534 ut
826 3467 948 3534 invidia
984 3469 1107 3555 gloriae
