2606 3940
185 211 226 275 74
461 222 561 270 xvru.
594 221 765 270 aurnuns.
787 216 812 266 4.
833 215 859 266 c.
988 247 992 253 -

184 361 290 446 magis
312 381 350 424 ex
364 357 488 442 proelio
504 355 646 434 excessit,
670 354 724 420 sed
739 356 842 420 acrius
856 354 1003 420 hostibus
1018 355 1147 423 institit

155 446 240 510 ahie
271 443 432 527 equitibus
462 441 656 525 profligetis,
692 439 861 504 interfecto
893 439 972 503 duce
1005 438 1148 524 Oretem,

184 527 294 594 multis
315 529 481 611 praeterea
502 528 535 590 et
555 523 692 589 maxime
706 523 870 588 nobilibus
886 523 988 606 ceptis
1002 524 1149 606 pedester

185 612 357 694 exercitus,
401 609 466 674 uod
486 609 523 672 in
544 629 582 673 ea
602 607 674 672 loca
695 609 764 672 erat
785 606 953 690 deductus,
981 611 1018 672 ut
1043 607 1148 673 inuito

184 695 328 762 Eumene
343 694 394 758 ela
415 693 427 758 i
447 713 516 758 non
530 694 648 776 posset,
670 711 782 774 pacem
804 691 844 755 ab
859 711 898 756 eo
913 691 1014 774 petiit.
1052 712 1148 774 quam

185 802 258 845 eum
278 779 489 863 impetrasset,
511 777 547 840 in
567 774 629 839 fide
650 796 719 840 non
732 775 852 840 mansit
874 779 907 838 et
928 796 971 858 se,
994 775 1089 839 simul
1111 796 1149 841 ac

155 863 307 947 spotuit,
334 861 374 927 ad
395 861 604 958 Antipatrum
626 859 754 942 recepit.
797 857 958 924 Eumenes
981 857 1149 925 Craterum

184 969 224 1011 ex
245 947 312 1012 acie
335 945 523 1010 semivivum
547 943 665 1006 elatum
687 963 829 1006 recreare
857 941 992 1007 studuit:
1021 964 1093 1007 oum
1115 943 1149 1007 id

183 1051 252 1127 non
270 1032 395 1127 posset,
422 1048 481 1111 pro
510 1026 650 1124 hominis
679 1025 836 1110 dignitate
862 1047 921 1109 pro
946 1047 985 1090 ue
1012 1027 1149 1124 pristina

184 1113 499 1282 dedititiis
517 1110 773 1290 lietberti
789 1109 923 1291 titt
946 1131 980 1258 i.
1003 1109 1149 1258 itit:
1212 1221 1215 1226 -

184 1281 274 1346 niam
294 1279 387 1345 uxori
409 1279 477 1344 eius
499 1299 536 1342 ac
558 1277 668 1342 libens
689 1281 821 1341 remisit
1144 1312 1146 1315 -

149 1365 169 1429 5
267 1363 356 1429 Haec
385 1363 462 1428 dum
488 1359 574 1445 apud
601 1359 848 1459 Hellespontum
875 1365 1045 1446 geruntur,
1072 1361 1148 1426 Per-

43 1482 47 1490 ·
185 1449 289 1513 diceas
322 1445 407 1530 apud
427 1445 540 1512 Nilum
566 1444 686 1510 flumen
707 1445 899 1510 rnterficitur
920 1468 939 1510 a
960 1443 1092 1510 Seleuco
1116 1449 1150 1511 et

184 1533 348 1617 Antigene
372 1550 542 1613 rerumque
558 1550 682 1594 summa
703 1528 744 1593 ad
765 1528 974 1626 Antipatrum
996 1529 1147 1594 defertur.

183 1617 237 1681 hic
258 1616 314 1700 qui
336 1581 549 1698 deseruerant,
572 1613 711 1678 exercitu
734 1613 920 1697 suffragium
942 1613 1074 1697 ferente,
1097 1635 1148 1678 ca·

183 1700 261 1783 pitis
282 1700 429 1764 absentes
444 1697 645 1779 damnantur,
667 1697 703 1760 in
724 1696 776 1762 his
797 1696 967 1763 Eumenes.
1009 1697 1070 1762 hee
1091 1698 1147 1762 ille

183 1782 562 1930 percufflgrgapon
582 1780 750 1928 sgoeffiffi
770 1801 883 1880 neque·
897 1802 934 1879 eo
957 1781 1146 1929 ⁵⁶⁰iuiqb3i'

198 1887 253 1930 um
443 1887 517 1929 avr.
562 1883 595 1928 se
639 1884 656 1928 e
704 1885 736 1928 es
758 1885 809 1929 res
831 1886 930 1928 ammi
952 1887 1005 1929 me
1078 1886 1147 1929 u-

155 1961 274 2034 anam,
296 1949 356 2015 etsi
378 1969 446 2015 non
466 1947 667 2030 frangebant,
689 1951 798 2012 temen
820 1886 1146 2016 minuebantgmhunc

183 2055 276 2181 {ser
299 2054 379 2180 ”ii
392 2031 1147 2198 diditi.trististristis

185 2221 282 2284 quam
303 2199 344 2264 ad
361 2166 495 2264 bianum
516 2198 664 2263 accedere
685 2198 801 2263 licebat
821 2198 885 2264 nisi
906 2166 946 2266 iis
965 2199 1053 2284 locis,
1077 2202 1147 2284 qui·

155 2285 247 2348 abus
267 2283 362 2367 pauci
376 2283 486 2348 multis
524 2284 632 2347 essent
646 2281 802 2351 resistere.
839 2282 895 2348 sod
910 2287 1052 2350 extremo
1066 2288 1146 2350 tem·
1188 2361 1191 2368 ¹

183 2388 278 2451 pore,
311 2388 384 2432 cum
413 2366 501 2434 cons'
519 2366 548 2432 'o
582 2365 653 2450 capi
685 2387 752 2432 non
808 2371 906 2451 osset,
939 2368 1146 2434 multitudine

184 2451 368 2517 circumitus
396 2455 453 2517 est.
496 2450 573 2516 hine
600 2454 709 2516 tamen
735 2473 769 2514 m
804 2450 846 2515 tis
875 2452 940 2516 suis
962 2453 1085 2517 emissis
1112 2473 1147 2518 se

185 2557 203 2600 e
248 2536 347 2602 odivit
368 2535 456 2600 etin
477 2535 643 2600 castellum
664 2533 839 2620 Phrygiae,
868 2536 955 2618 quod
975 2535 1065 2602 Nora
1091 2558 1147 2620 ap-

154 2631 225 2704 spe
251 2623 337 2704 atur,
367 2618 523 2704 confugit.
565 2618 601 2683 in
622 2639 685 2701 quo
709 2637 783 2682 cum
804 2618 1086 2685 circumsederetur
1114 2622 1149 2686 et

183 2707 359 2786 vereretur,
381 2723 423 2767 ne
445 2723 510 2767 uno
532 2702 602 2768 loco
625 2723 759 2768 manens
782 2723 881 2786 equos
902 2702 1055 2769 militares
1076 2725 1148 2787 per·

184 2786 282 2868 deret,
307 2785 394 2868 quod
408 2787 546 2869 spatium
567 2807 635 2850 non
647 2790 731 2851 esset
745 2785 897 2871 agitandi,
913 2787 1061 2852 callidum
1083 2787 1149 2853 fuit

184 2869 252 2934 eius
273 2868 451 2952 inventum,
476 2868 742 2952 quemadmodum
764 2873 852 2936 stans
873 2871 1052 2936 iumentum
1071 2891 1148 2936 con·

184 2953 304 3017 calfieri
326 2951 527 3036 exercerique
542 2956 660 3036 posset,
682 2974 746 3036 quo
763 2953 916 3019 libentius
938 2957 971 3019 et
991 2954 1063 3021 cibo
1078 2958 1148 3020 ute·

154 3039 273 3100 cretur
301 3040 334 3100 et
366 3037 555 3121 acorporis
584 3039 675 3100 motu
706 3057 775 3102 non
803 3040 1029 3103 removeretur.
1074 3039 1148 3103 sub·

184 3119 363 3204 stringebat
398 3123 494 3204 caput
529 3120 598 3185 loro
635 3118 746 3204 altius,
784 3143 880 3204 quam
915 3124 952 3186 ut
986 3121 1148 3205 prioribus
1229 3171 1235 3186 .

183 3202 318 3288 pedibus
339 3202 434 3286 plene
456 3207 574 3267 terram
624 3207 709 3269 osset
734 3205 908 3289 attingere,
936 3205 1147 3289 deindepost

184 3284 369 3353 verberibus
390 3285 564 3371 cogebate
620 3288 688 3350 tare
710 3290 743 3352 et
763 3287 865 3353 calces
886 3289 1064 3355 remittere:
1090 3290 1148 3374 qui

185 3372 291 3435 motus
315 3390 383 3435 non
409 3370 515 3434 minus
542 3366 690 3433 sudorem
717 3371 911 3452 excutiebat,
962 3394 1035 3437 uam
1062 3373 1090 3437 si
1111 3374 1148 3439 in

156 3454 290 3536 sspcso
314 3453 502 3520 decurreret.
556 3473 620 3535 quo
649 3452 853 3539 factumest,
885 3475 949 3539 quo
997 3456 1149 3524 omnibus
