2606 3940
441 245 524 293 xxv.
557 242 712 294 rancus.
736 240 776 288 11.
799 239 839 290 12.
1057 228 1118 296 107

156 400 223 445 non
250 379 498 447 florentibus·se
527 344 721 461 venditavit,
751 377 806 443 sed
832 376 967 442 adflictis
994 399 1119 462 semper

156 464 326 530 succurrit:
349 465 404 548 qui
426 462 555 546 quidem
576 460 755 545 Serviliam,
775 460 872 526 Bruti
884 464 1030 544 matrem,
1050 483 1119 528 non

156 549 529 697 &ttettatttt
550 545 1147 696 {blallffinlidlloelul⁰¹⁰llle

155 653 260 800 lacque
281 714 428 780 laedebat
448 736 641 799 quemquam
662 734 775 798 neque,
798 713 827 779 si
847 650 945 800 qudrn
966 651 1118 779 iriiuliam

156 803 330 882 acceperet,
351 819 420 863 non
441 799 580 864 malebat
600 797 745 864 oblivisci
786 819 861 862 uam
878 797 998 863 ulcisci.
1033 797 1120 863 idem

156 883 331 949 immortali
344 883 498 948 memoria
511 887 662 967 percepta
676 882 778 948 retine
800 885 835 946 at
848 881 1019 947 beneficia:
1036 903 1119 966 quae

104 971 110 982 '
156 970 264 1032 autem
284 967 355 1051 ipse
375 962 540 1050 tribuerat,
562 970 629 1032 tarn
644 965 698 1031 diu
713 966 911 1050 meminerat,
934 965 1040 1050 quoad
1061 965 1117 1031 ille

125 1061 130 1070 '
180 1055 277 1201 'rm
290 1051 641 1201 fflg,{¹,{¹,i2²⁰⁰epmt'
679 1050 788 1133 itaque
801 1050 855 1116 hic
876 1049 963 1134 fecit,
985 1054 1023 1116 ut
1043 1063 1149 1116 vareo

199 1251 256 1318 Sui
277 1252 393 1336 cuique
414 1272 529 1341 mores
542 1254 671 1354 fingunt
691 1251 855 1318 fortunam
876 1252 1071 1317 hominibus.

157 1407 261 1486 neque
282 1390 391 1486 tamen
405 1386 460 1451 ille
473 1387 563 1485 prius
577 1385 741 1484 fortunam
763 1409 859 1471 quam
881 1408 915 1454 se
931 1387 1000 1472 ipse
1015 1387 1119 1470 finxit,

157 1493 214 1556 qm
235 1475 535 1654 offitigtbrqddbdb
543 1471 952 1652 erdediltrbtpldllllebbliius
963 1557 994 1621 A
1036 1555 1119 1653 'ppa,
1131 1555 1169 1620 12

156 1642 273 1706 rntnna
297 1639 514 1705 famrhantate
542 1641 732 1736 comunctus
759 1638 800 1704 ad
835 1639 954 1737 escenti
1008 1660 1120 1737 aeson,

156 1725 746 1906 ructuaretur
766 1721 1121 1905 structura

158 1912 247 1955 mum
261 1911 329 1958 erus
345 1891 499 1976 delrgeret
512 1891 703 1956 affinrtatcm
720 1894 987 1989 praeoptaretque
1001 1895 1120 1973 equrtrs

158 1973 297 2072 Romani
324 1974 425 2040 filiam
448 1985 679 2122 ‘panerosarunr
700 1979 832 2058 nuptus.
880 1979 978 2058 atque
1003 1974 1150 2069 haruma
1280 2003 1284 2012 ·

157 2057 1120 2209 ttttttstttttfttttttttntnttttt)

158 2192 249 2294 ouius
275 2193 391 2314 grstia'
405 2248 478 2293 cum
505 2247 621 2324 augere
648 2164 865 2310 posbessiones
897 2230 1009 2310 posset
1035 2191 1120 2309 suas,

158 2315 286 2378 tantum
307 2312 389 2377 afuit
409 2333 430 2375 a
451 2311 623 2394 cupiditate
645 2311 814 2395 pecuniae,
842 2313 880 2375 ut
906 2309 998 2374 nulla
1024 2309 1060 2373 in
1085 2329 1121 2374 re

159 2417 235 2461 usus
256 2395 299 2460 sit
327 2415 365 2460 ea
383 2393 447 2458 nisi
473 2394 509 2458 in
530 2392 735 2477 deprecandis
761 2393 937 2458 amicorum
963 2396 1020 2458 aut
1038 2393 1122 2475 peri·

158 2479 238 2544 culis
260 2482 316 2544 aut
342 2476 563 2544 incommodis.
606 2475 842 2560 quodquidam
869 2475 929 2540 sub
955 2475 967 2538 i
991 2495 1027 2539 sa
1047 2487 1150 2558 pro-s

158 2563 220 2627 scri
242 2562 331 2627 tione
344 2561 525 2659 perillustre
546 2559 619 2658 fuit
657 2581 734 2624 nam
755 2579 828 2626 cum
848 2496 1011 2624 nsandei
1033 2559 1121 2642 equi-

157 2648 200 2712 tis
272 2667 373 2730 mani,
401 2644 544 2728 aequalis
565 2666 625 2727 sur,
651 2643 707 2726 qni
728 2643 908 2726 complures
929 2663 1037 2718 annos,
1055 2645 1121 2708 stu·

159 2731 211 2794 dio
226 2728 339 2796 ductus
352 2728 576 2814 philosophiae
590 2727 758 2792 habitabat
768 2726 906 2791 Athonis
917 2726 1120 2810 habebatque

158 2814 195 2877 in
214 2813 308 2878 Italia
327 2813 484 2896 pretiosas
504 2811 731 2910 possessiones,
753 2809 920 2900 triumviri
936 2810 1023 2875 bona
1043 2831 1121 2874 ven·

158 2895 313 2961 didisscnt
332 2896 563 2962 consuetudine
585 2917 637 2979 cs,
665 2916 730 2979 qua
750 2897 819 2958 tum
840 2914 892 2959 res
914 2894 1120 2979 gerebantur,

158 2979 260 3044 Attici
280 2979 389 3045 labore
411 2985 507 3066 atque
528 2978 687 3044 industrie
707 2977 829 3044 iactum
851 2980 914 3062 cst,
941 2980 979 3048 ut
1007 2977 1120 3043 eodem

157 3063 273 3128 nuntio
295 3061 442 3128 Saufeius
462 3065 555 3129 fieret
579 3063 696 3129 certior
722 3082 756 3127 se
784 3061 1016 3146 patrimonium
1042 3062 1124 3126 ami·'

157 3147 236 3214 sisse
258 3149 291 3212 et
310 3167 522 3244 recuperasse.
558 3146 642 3212 idom
657 3145 693 3210 L.
708 3144 828 3210 Iulium
842 3143 1000 3229 Calidum,
1022 3165 1118 3229 quem
1133 3157 1150 3209 4

156 3234 233 3318 post
251 3230 391 3296 anretir
418 3229 599 3314 Catullique
626 3232 763 3296 mortem
789 3230 893 3296 multo
921 3229 1120 3314 elegantissi-

156 3337 245 3382 mum
270 3317 400 3400 poetam
424 3317 569 3380 nostram
594 3313 706 3378 tulisse
739 3316 878 3379 aetatem
904 3333 980 3378 vere
1008 3311 1121 3377 videor

155 3421 250 3485 possa
272 3398 480 3483 contendere,
506 3417 611 3481 neque
637 3397 745 3462 minus
766 3397 872 3463 virum
893 3396 1015 3461 bonum
1036 3396 1120 3480 opti-

156 3485 280 3569 misque
301 3483 423 3550 artibus
444 3481 620 3567 eruditum,
647 3485 723 3565 post
740 3479 1009 3566 proscriptionem
1031 3481 1120 3558 aoru-
