2590 3946
192 262 235 330 54
484 275 558 327 nv.
594 277 768 328 marauna.
791 274 816 324 s.
838 273 862 322 a.

194 414 248 480 diu
270 434 336 480 uno
358 413 429 480 loco
451 413 570 481 sedere.
613 414 754 478 habebat
777 413 987 478 barbarorum
1015 411 1162 495 equitum

164 495 1037 649 2,ptpgfflmqpfflffiqffl
1052 497 1163 646 tlt:

192 632 283 732 terei.
304 603 617 751 Cappaddcumgvm
638 666 738 749 milia,
761 666 990 731 Armeniorum
1013 630 1047 728 Χ,
1059 602 1162 750 rdilia,

192 750 441 848 Paphlagonum
463 769 487 816 v
508 751 613 835 milia,
635 750 726 848 thy.
823 767 849 813 x
869 750 974 848 milia,
996 749 1164 847 Lydorum

354 770 1163 918 m

193 1002 424 1069 conductorum
455 969 506 1067 111'
522 941 626 1087 milia,
661 1003 742 1068 levis
774 967 1163 1069 armatura’e'maximum

163 1096 373 1152 enumerum.
410 1087 469 1152 has
491 1087 642 1152 adversus
657 1087 765 1171 copias
787 1107 859 1172 spes
881 1087 985 1152 omnis
1008 1087 1162 1153 consiste·

192 1171 250 1237 bat
264 1170 394 1236 Datami
408 1171 443 1236 iu
465 1191 498 1236 ae
520 1171 647 1255 locique
666 1174 796 1236 natura:
818 1192 957 1255 namque
971 1172 1067 1236 haim
1087 1191 1163 1256 par·

192 1259 259 1320 tem
279 1276 348 1321 non
368 1255 509 1321 habebat
528 1255 712 1321 vicesimam
732 1255 882 1321 militum.
919 1256 1035 1340 quibus
1056 1251 1161 1320 lretus

193 1339 340 1405 conflixit
354 1339 671 1422 adversariorumque
693 1340 795 1405 multa
809 1339 899 1404 milia
914 1339 1064 1424 concidit,
1086 1361 1163 1404 cum

193 1423 232 1488 de
261 1423 362 1508 ipsius
384 1423 524 1490 exercitu
545 1445 614 1489 non
635 1423 772 1507 amplius
793 1423 962 1489 hominum
976 1424 1065 1488 mille
1079 1425 1162 1489 ccci·

194 1507 302 1572 disset.
336 1529 434 1592 quam
448 1508 489 1572 ob
504 1528 634 1574 causam
647 1511 776 1592 postero
795 1508 846 1572 die
859 1512 1027 1592 tropaeum
1040 1509 1162 1593 posuit,

164 1601 260 1676 aquo
289 1591 362 1657 loco
388 1590 492 1676 pridie
513 1595 694 1678 pugnatum
721 1596 798 1657 erat.
848 1592 924 1657 hino
957 1613 1030 1657 cum
1056 1597 1163 1656 castra

193 1676 347 1742 movisset
364 1697 553 1760 semperque
573 1676 708 1741 inferior
729 1676 829 1760 copiis
851 1676 997 1760 superior
1012 1677 1162 1742 omnibus

193 1760 325 1843 proeliis
353 1759 530 1826 discederet
578 1759 664 1844 quod
690 1781 865 1844 numquam
892 1782 1024 1826 manum
1050 1781 1162 1826 eonsc-

192 1847 293 1928 reret,
321 1842 385 1908 nisi
407 1864 480 1909 oum
502 1809 700 1909 adversarios
722 1845 866 1910 locorum
894 1845 1052 1930 angustiis
1074 1845 1161 1910 clau·

194 1928 302 2012 sisset,
335 1927 422 2010 quod
454 1927 558 2013 perito
591 1949 626 1992 re
652 1928 762 1994 'onum
794 1928 971 2012 callideque
1003 1929 1162 2013 cogitanti

163 2018 290 2110 ostepe
318 2012 497 2095 accidebat,
529 2014 639 2098 Autcp
682 2012 806 2097 odatcs,
839 2035 912 2078 oum
938 2013 1060 2078 bellum
1087 2013 1162 2078 duci

193 2116 315 2161 mauors
336 2096 422 2181 regis
437 2096 619 2161 calamitate
641 2119 737 2180 quam
752 2098 1008 2163 adversariorum
1027 2096 1169 2180 uteru,

192 2200 306 2264 pacem
333 2179 571 2262 amicitiamque
597 2179 746 2246 hortatus
774 2185 838 2266 est,
865 2185 904 2246 ut
930 2202 1003 2246 cum
1027 2202 1103 2266 rege
1125 2181 1161 2246 in

164 2264 332 2348 cgratiam
345 2262 496 2362 redimo
509 2284 606 2361 quam
626 2265 682 2329 ille
705 2264 765 2329 etsi
777 2265 874 2330 fidam
894 2286 962 2330 non
983 2265 1054 2329 fore
1068 2269 1161 2349 puta

192 2350 257 2431 bat,
279 2350 389 2413 tamen
403 2345 624 2413 condrmonem
638 2349 762 2434 aceepit
775 2371 872 2434 seque
892 2349 933 2415 ad
947 2343 1160 2414 Artaxerxem
1281 2367 1282 2376 ¹

192 2432 317 2518 legatos
346 2431 519 2497 missurum
548 2433 636 2498 dixit.
686 2433 731 2498 sio
757 2433 892 2517 bellum,
921 2432 1008 2517 quod
1029 2455 1085 2498 rex
1107 2433 1161 2498 ad·
1281 2437 1282 2450 ¹

191 2536 303 2582 versus
318 2515 478 2582 Datamen
500 2520 692 2602 susceperat,
714 2516 858 2608 sedatum
880 2520 937 2583 est.
973 2520 1159 2602 Autophro-

195 2599 283 2666 dates
306 2600 342 2664 in
363 2599 540 2686 Phrygiam
562 2623 596 2667 se
617 2601 747 2685 recepit.

158 2683 179 2748 9
276 2684 323 2748 At
349 2706 421 2768 rex,
455 2683 541 2768 quod
569 2685 772 2770 implacabile
798 2685 908 2751 odium
935 2685 971 2750 in
998 2685 1160 2752 Datamen

193 2771 392 2851 susceperat,
413 2773 584 2852 postquam
611 2770 696 2833 bello
720 2790 793 2834 eum
815 2769 954 2854 opprimi
975 2791 1044 2836 non
1064 2792 1159 2869 posse

69 2888 71 2892 ·
193 2851 435 2935 animadvertit,
466 2853 590 2917 insidiis
617 2853 796 2918 interficere
827 2853 964 2919 studuit:
997 2859 1076 2937 quas
1103 2855 1160 2919 dle

163 2935 362 3020 aplerasque
391 2937 534 3001 evitavit.
584 2937 680 3020 siout,
710 2958 783 3002 cum
811 2938 840 3002 ei
867 2938 1051 3003 nuntiatum
1077 2943 1162 3004 essct

193 3019 349 3102 quosdam
370 3020 433 3085 sibi
453 3020 614 3104 insidiari,
643 3020 699 3104 qui
726 3021 761 3086 in
788 3021 964 3088 amicorum
987 3025 1079 3088 erant
1100 3045 1160 3088 nu-

192 3123 297 3167 mero:
331 3104 369 3168 de
397 3105 528 3189 quibus,
564 3104 650 3187 quod
677 3105 799 3170 inimici
825 3105 1022 3192 detulerant,
1050 3105 1159 3191 'neque

193 3186 386 3253 credendum
407 3208 448 3252 ne
472 3209 511 3252 ue
533 3188 628 3274 uegle
653 3188 769 3253 endum
783 3191 924 3274 putavit:
947 3190 1084 3288 experiri
1104 3212 1161 3256 vo·

163 3272 257 3336 aluit
293 3292 405 3336 verum
425 3209 584 3370 falsumne
607 3205 668 3370 sili
690 3276 774 3340 essct
794 3273 940 3339 relatum.
983 3278 1092 3359 utaque
1120 3296 1160 3340 eo

192 3321 357 3440 proiectus
379 3357 441 3440 est,
470 3378 505 3422 m
532 3377 597 3440 quo
624 3359 739 3423 itmero
767 3356 893 3424 futuras
913 3358 1046 3424 insidias
1074 3358 1161 3424 dixe·
1279 3419 1280 3442 ,

192 3442 276 3506 rant.
320 3441 376 3506 sed
398 3440 495 3526 elegit
516 3461 650 3526 corpore
677 3462 714 3509 ac
740 3445 864 3509 statura
890 3443 1088 3508 simillimum
1109 3445 1161 3509 sui
1279 3465 1280 3476 ¹

193 3521 287 3605 eique
308 3526 461 3592 vestitum
487 3547 581 3596 auum
609 3525 695 3592 dedit
722 3531 819 3612 atque
845 3547 883 3592 eo
910 3527 982 3593 loco
1003 3527 1065 3601 ire.
1095 3547 1161 3608 quo
