2590 3946
399 253 470 303 xiv.
503 250 676 303 suranus.
697 245 790 303 9-11.
1031 235 1073 306 55

114 389 515 559 tldtltlttlpttz
536 389 872 538 {tztttttssttt
888 388 1104 557 {Stltus

115 561 316 628 insidiatores
346 563 517 645 postquam
531 559 566 622 in
580 578 653 623 eum
667 557 773 622 locum
788 577 904 644 agmen
918 558 1074 642 pervenit,

117 645 240 730 decepti
267 610 378 710 ordine
407 647 503 726 atquc
535 641 652 707 vestitu
679 642 834 726 impetum
861 642 896 706 in
928 662 1001 706 cum
1029 642 1075 707 fa·

1 747 2 786 l
117 731 221 814 ciunt,
249 729 305 813 qui
331 727 514 812 suppositus
543 729 619 791 erat
674 725 1011 811 praedixeratautem
1035 726 1075 792 iis

116 813 278 896 Datames,
301 833 373 876 oum
395 811 510 895 quibus
531 809 592 874 iter
613 809 759 895 faciebat,
786 813 822 875 ut
842 809 947 894 parati
969 814 1075 875 essent

116 898 231 980 facere,
254 895 339 980 quod
360 897 464 980 ipsum
485 893 647 960 vidissent.
691 895 769 980 ipse,
790 897 828 959 ut
849 894 1104 961 concurrentest

117 981 320 1047 insidiatores
347 981 489 1045 animum
517 978 671 1062 advertit,
692 979 758 1044 tela
784 978 819 1043 in
847 999 902 1044 eos
929 979 1074 1045 coniecit

117 1067 180 1130 hoo
213 1065 296 1129 idem
326 1085 397 1129 cum
425 1063 567 1130 universi
594 1062 760 1147 fecissent,
794 1062 980 1210 priusquam
1006 1084 1076 1149 per·

118 1149 265 1216 venirent
295 1148 336 1213 ad
362 1169 449 1232 eum,
481 1167 575 1231 quem
605 1146 735 1232 aggredi
763 1167 802 1212 vo
817 1147 926 1232 ebant,
959 1147 1076 1214 confixi

118 1233 334 1298 conciderunt.
928 1287 930 1294 ,
1065 1297 1070 1304 ,

201 1315 263 1381 Hic
289 1320 398 1382 tamen
425 1319 491 1381 tam
523 1315 656 1382 callidus
683 1315 732 1381 vir
758 1318 899 1381 extremo
932 1319 1075 1401 tempore
1087 1315 1126 1382 10

119 1404 229 1486 captus
251 1403 299 1466 est
312 1399 518 1488 Mithridatis,
536 1401 762 1466 Ariobarzanis
777 1400 844 1484 filii,
868 1399 951 1467 dolo.
988 1423 1076 1466 nam-

117 1505 181 1569 que
207 1486 235 1549 is
261 1484 424 1568 pollicitus
451 1486 500 1548 est
520 1484 589 1568 regi
616 1504 650 1548 se
671 1504 744 1548 eum
765 1483 1022 1570 interfecturum,
1048 1485 1076 1550 si

118 1569 149 1633 ei
171 1588 226 1632 rex
240 1569 451 1652 permitteret,
474 1570 511 1632 ut
525 1566 751 1714 puodcumque
772 1567 870 1632 vellet
889 1567 1000 1634 liceret
1019 1568 1076 1634 im·

118 1673 204 1799 pune
218 1651 322 1718 facere
353 1651 510 1735 fidemque
546 1672 564 1715 e
579 1672 617 1716 ea
629 1671 665 1716 rs
679 1671 767 1715 more
781 1649 951 1720 Persarum
966 1651 1077 1717 dextra

140 1735 263 1802 edisset.
316 1701 400 1801 banc
431 1739 469 1800 ut
499 1735 621 1832 accepit
647 1757 667 1800 a
692 1755 727 1800 re
751 1755 768 1799 e
795 1734 938 1834 missam,
966 1737 1106 1834 copiose

118 1825 212 1904 parat
232 1824 266 1884 et
287 1821 400 1884 absens
420 1819 594 1906 amicrtram
621 1840 693 1884 cum
746 1821 850 1884 atame
871 1818 964 1904 facrt,
992 1841 1026 1884 re

116 1903 300 1987 provincias
322 1906 425 1985 vexat,
448 1902 577 1966 castella
595 1923 633 1966 ex
655 1906 766 1999 agnat,
788 1923 921 1988 magnas
942 1925 1019 1986 prae

117 1987 215 2070 capit,
238 2006 372 2082 quarum
392 1984 510 2068 partim
531 1985 597 2050 suis
651 2008 665 2050 s
690 1990 772 2070 ertrt,
794 1987 911 2071 partim
926 1987 966 2051 ad
980 1987 1078 2052 Data·

118 2090 194 2134 men
215 2068 329 2152 mittit3
356 2069 427 2153 pari
454 2067 548 2134 modo
577 2009 741 2154 complura
761 2071 890 2136 castella
917 2071 947 2134 ei
968 2071 1075 2136 tradit.

119 2155 198 2218 haec
219 2152 273 2217 diu
294 2150 439 2218 faciendo
460 2155 617 2236 persuasit
638 2153 761 2218 homini
786 2175 819 2220 se
840 2154 1002 2220 infinitum
1023 2155 1107 2220 ad·c

118 2257 228 2303 versus
248 2255 357 2322 regem
383 2238 555 2320 suscepisse
577 2238 711 2322 bellum,
739 2259 812 2303 cum
840 2238 1077 2326 nihilomagis,

97 2341 160 2400 ‚nc
188 2341 284 2404 quam
306 2319 519 2403 suspicionem
539 2321 588 2384 illi
609 2322 777 2406 praeberet
796 2321 1002 2407 insidiarum,
1023 2345 1078 2388 ne·

120 2425 181 2488 que
213 2403 409 2550 collopuium
437 2403 504 2468 eius
531 2404 646 2488 petivit
672 2424 776 2500 neque
809 2405 844 2468 in
872 2409 1078 2488 conspectum

119 2488 228 2552 venire
250 2490 300 2553 stu
323 2487 380 2552 uit.
417 2486 462 2552 sic
477 2486 590 2551 absens
612 2487 784 2551 amicitiam
798 2487 937 2572 gerebat,
959 2491 1077 2554 utnon

119 2572 280 2636 beneficiis
302 2569 437 2653 mutuis,
459 2569 697 2635 sed-communi
714 2568 802 2654 odio,
825 2570 911 2655 quod
932 2589 1009 2656 erga
1029 2591 1077 2636 re·

119 2675 193 2740 gena
214 2658 433 2739 susceperant,
455 2652 613 2718 contineri
633 2653 826 2719 viderentur.

202 2739 240 2802 Id
261 2759 333 2805 cum
355 2739 432 2802 satis
447 2758 480 2802 se
495 2739 697 2803 confirmasse
713 2738 885 2804 arbitratus
900 2743 991 2824 esset,
1013 2761 1077 2806 cer·
1089 2739 1127 2808 11

119 2822 235 2887 tionem
255 2822 335 2887 lacit
347 2820 517 2906 Datamen,
539 2825 665 2906 tempus
680 2842 746 2886 esse
763 2822 901 2889 maiores
923 2825 1079 2894 exercitus

86 2966 87 2970 ,
120 2905 227 2997 parari
255 2909 287 2971 et
312 2905 433 2972 bellum
460 2907 628 2991 cumipse
655 2926 731 2991 rege
758 2907 889 2992 suscipi,
917 2907 1019 2993 deque
1041 2929 1079 2974 ea

118 3008 170 3070 re,
193 2988 220 3052 si
247 2989 277 3053 ei
302 2989 477 3074 videretur,
505 3010 568 3073 quo
590 2990 661 3055 loco
684 2990 798 3076 vellet,
826 2992 862 3055 in
883 2991 1078 3076 colloquium

117 3071 254 3136 veniret.
312 3073 448 3156 probata
479 3087 513 3138 re
549 3073 752 3158 colloquendi
782 3080 908 3159 tempus
941 3076 1078 3142 sumitur

119 3156 285 3254 locusque,
316 3177 391 3255 quo·
406 3157 638 3224 conveniretur.
683 3158 747 3224 huo
775 3158 977 3258 Mithridates
1004 3169 1107 3258 cums

118 3259 208 3387 tlt
228 3242 607 3421 ttlttllqltttt
627 3242 1079 3414 llllanlltattttt

118 3407 1078 3578 ttttl⁰⁰ttttlllltlttt⁰tte?lltqtatl

250 3539 260 3575 ‚
653 3541 654 3544 ,
