2606 3940
415 270 488 322 xvr.
527 231 819 344 anteriorem.
1053 260 1096 326 ⁶3

404 511 500 608 xvi.
552 510 823 590 Paternus,

715 660 876 727 historicis
889 683 985 745 quarn
995 663 1093 748 vulgo
1111 667 1127 728 l

218 655 387 742 Pelopidas
399 658 570 725 Thebanus
596 661 759 810 miritae
781 765 876 828 quem
902 745 942 810 ad
963 746 1094 812 modum

135 744 240 806 notus.
285 744 373 808 cuius
396 743 434 808 de
455 710 626 808 nauticus

15 905 17 908 Ι
135 844 309 911 exponam,
337 829 423 910 quod
449 847 575 911 vereor,
609 829 636 892 si
668 849 719 892 res
747 849 764 893 e
808 828 905 894 heare
932 829 1093 915 incipiam,

134 928 175 972 ne
202 930 270 974 non
298 911 397 976 vitam
424 913 492 976 eius
519 932 681 994 enarrare,
708 910 764 977 sed
817 913 957 978 'storiam
985 913 1094 980 videar

134 994 270 1057 scribere
280 1017 286 1056 :
298 995 336 1058 -si
351 996 572 1060 tantummode
587 1016 725 1060 summae
739 995 887 1082 attigero,
905 1019 947 1062 ne
962 997 1093 1064 rudibus

135 1074 328 1142 Graecarum
349 1079 527 1144 litterarum
546 1079 653 1143 minus
668 1078 803 1144 dilucide
818 1084 979 1165 appareat,
994 1103 1093 1164 quan·

133 1165 185 1224 tus
218 1161 315 1226 fuerit
341 1162 396 1226 ille
430 1163 489 1228 vir.
539 1163 647 1246 itaque
681 1164 808 1250 utrique
840 1167 888 1228 rei
920 1185 1092 1243 occurram,

133 1248 289 1326 quantum
321 1251 472 1330 potuero,
508 1250 540 1312 et
567 1247 717 1312 medebor
750 1266 823 1313 cunr
856 1249 995 1314 satietati
1023 1257 1092 1315 tum

132 1327 335 1412 ignorantiae
356 1330 521 1396 lectorum.

216 1411 396 1492 Phoebidas
410 1413 688 1499 Lacedaemonius,
710 1436 783 1481 eum
805 1418 978 1482 exercitum
992 1416 1090 1502 Olyn·
1104 1429 1122 1478 a

133 1496 226 1560 thum
243 1496 372 1561 duceret
393 1498 516 1580 iterque
535 1517 595 1581 per
615 1497 741 1564 Thebas
760 1499 887 1582 faceret,
910 1522 1013 1566 arcem
1037 1523 1092 1584 op·

134 1579 216 1664 pidi,
245 1601 325 1664 quae
353 1579 491 1646 cadmea
521 1581 721 1664 nominatur,
755 1584 922 1666 occupavit
952 1584 1092 1668 impulsu

133 1684 308 1810 paucorum
322 1663 558 1748 Thebanorum,
582 1665 637 1749 qui
652 1665 849 1730 adremariae
871 1666 1005 1732 factioni
1027 1688 1090 1752 quo

21 1775 26 1782 ·
148 1747 258 1812 acilius
280 1748 473 1833 resisterent,
494 1748 659 1814 Laeonum
677 1750 772 1815 rebus
793 1749 972 1834 studebant,
994 1751 1090 1835 idque

132 1852 190 1896 suo
212 1832 354 1915 privato,
381 1853 449 1897 non
470 1833 599 1917 publico
624 1833 703 1898 fecit
728 1833 872 1900 consilio.
917 1856 980 1919 quo
1002 1835 1120 1902 factos

23 1989 32 2004 ·
134 1935 206 1978 eum
228 1914 472 1980 Lacedaemonii
493 1919 533 1980 ab
556 1916 696 1980 exercitu
716 1922 922 1983 removerunt
965 1921 1090 1984 seunia-

133 2019 195 2082 que
214 1999 415 2095 'multaruntt
448 2019 551 2083 neque
587 2020 631 2098 eo·
658 2000 766 2099 inagis·
789 2021 896 2098 arcem
931 2001 1091 2098 thebanis

132 2081 476 2232 {sitiatis
491 2084 1091 2267 metuarensis:

131 2251 255 2315 nesium
280 2250 400 2315 bellum
427 2253 457 2314 A
496 2272 634 2335 anaeque
663 2253 802 2317 denatae
829 2272 903 2317 cunr
928 2252 1090 2326 Thebanrs

132 2334 194 2399 sibi
215 2354 282 2398 rem
305 2355 372 2398 esse
394 2335 619 2414 existimabant
634 2339 666 2400 et
680 2349 735 2400 eos
753 2356 820 2400 esse
841 2335 947 2432 solos,
960 2338 1015 2432 qui
1037 2337 1089 2401 ad·

131 2437 241 2482 versus
272 2417 418 2482 resistere
449 2417 610 2482 auderent.
663 2418 724 2482 hac
751 2421 858 2482 mente
885 2438 995 2482 am1c1s
1022 2421 1120 2485 suist

132 2521 270 2566 summae
284 2504 458 2584 potestates
470 2499 622 2565 dederant
635 2500 828 2596 alteriusque
842 2499 992 2597 factionis
1002 2503 1089 2584 prin-

116 2585 218 2668 'cipes
244 2585 368 2682 partini
394 2583 646 2682 interfecerant,
663 2583 743 2649 alios
770 2605 806 2648 1n
834 2583 965 2680 exitium
992 2585 1089 2684 aiace

131 2666 674 2899 ᾙάεῗρᾞξζιεῖἰῗέἕιὲξθέἓ
695 2667 734 2733 de
749 2688 813 2751 quo
833 2669 970 2733 scribere
984 2689 1089 2736 exorsi

131 2834 475 3003 ,equitanti
489 2836 1122 3004 ttetff⁸53et¹²iss¹¹zt¹ssht⁰trrt²

130 3003 198 3067 fors
232 3003 411 3087 obtulisset,
444 3024 481 3068 ee
513 3003 650 3087 patriam
681 3025 865 3088 recuperare
897 3005 1086 3071 niterentur.

130 3088 239 3169 itaque
260 3106 332 3150 cum
359 3092 485 3170 tempus
506 3092 589 3152 esset
614 3088 718 3152 rhum
744 3087 791 3151 rei
811 3085 979 3173 gerendae,
1000 3101 1116 3155 com-a

130 3171 270 3234 munita
292 3190 363 3233 cunr
384 3171 440 3251 iia,
462 3171 518 3253 qui
539 3169 657 3236 'l'hebis
678 3170 763 3236 idem
784 3171 979 3254 sentiebant,
1001 3167 1086 3237 chem

6 3249 7 3260 ’
131 3255 318 3339 delegerunt
348 3252 388 3317 ad
419 3253 565 3319 inimicos
602 3251 827 3353 apprimsndos
860 3257 1085 3336 civitatemque

130 3337 326 3403 liberandam
348 3357 430 3420 eum,
453 3358 516 3421 quo
531 3358 662 3405 mannn
675 3339 879 3423 magistratus
893 3337 989 3402 simul
1010 3357 1084 3401 cen-

130 3427 260 3486 suerant
285 3421 415 3505 epulari.
459 3441 594 3506 magnae
615 3443 709 3505 saepe
729 3443 780 3486 res
796 3442 868 3486 non
889 3422 935 3484 ita
956 3422 1113 3504 magniss

129 3505 229 3588 copiis
256 3510 332 3570 suut
357 3508 481 3592 gestae,
508 3503 563 3570 sed
592 3505 735 3589 profecte
757 3525 932 3587 numquam
953 3507 1020 3570 tarn
1041 3505 1082 3570 ab
