2590 3946
354 251 427 300 v111.
465 251 724 302 suaseramus.
746 249 821 298 2-4.
947 256 950 261 '
1025 238 1067 305 33

103 386 1068 569 bileatilsnilrileiiiplibll0¹udilo·ilbi?ucnolntnebrinlil,mlieqiidesilis¹

104 576 199 621 causa
227 554 289 621 drcr
316 558 452 622 matrem
471 553 584 620 .t1m1dr
609 553 686 618 llere
711 576 780 620 non
807 555 918 621 solere.
961 568 1097 639 nequet

102 643 213 704 tamen
237 661 297 724 pro
331 639 484 703 oinione
514 637 707 722 Thrasybuli
733 642 845 704 auctae
871 642 948 704 sunt
975 661 993 705 ο
1018 661 1067 705 es:

102 745 179 790 nam
193 724 258 788 iam
285 661 445 809 tumlillis
458 723 656 806 temporibus
671 722 788 789 fortius
797 723 885 822 'boni
899 745 958 821 pro
973 662 1068 788 liber-

102 812 170 873 tate
186 807 283 905 loque
306 810 411 905 antur¹
422 828 516 890 quam
534 807 734 905 pugnabant.
771 809 848 872 hmc
867 829 903 872 m
917 808 1067 872 Piraeum

102 891 234 956 transiit
258 890 528 975 Munychiamque
555 891 703 957 mumvit
752 892 837 958 hanc
863 892 913 956 bis
934 892 1096 976 tyrannio

103 996 292 1061 oppugnare
325 978 401 1042 sunt
435 974 552 1058 adorti,
586 976 626 1040 ab
655 997 693 1042 ea
715 997 755 1041 ue
782 976 920 1060 turpiter
945 976 1067 1062 repulsi

102 1058 252 1142 protinus
284 1059 320 1124 in
346 1060 458 1126 urbem
491 1059 588 1124 armis
614 1059 681 1143 imp
725 1061 732 1074 '
768 1060 914 1143 cutisque
942 1061 1067 1126 amissis

101 1143 299 1241 refugerunt.
348 1165 424 1241 usus
452 1145 501 1208 est
525 1142 744 1227 Thrasybulus
769 1145 970 1243 nonninus
991 1160 1096 1244 pru-s

102 1227 212 1326 dentre
226 1249 323 1325 quam
336 1226 537 1326 lortrtudrne.
572 1248 650 1294 nam
664 1227 812 1294 cedentes
826 1229 941 1294 vrolan
962 1233 1066 1294 vetuit

102 1313 202 1395 (crves
225 1332 310 1379 emm
325 1312 448 1377 ombus
461 1331 592 1395 parcere
606 1333 744 1410 aequum
766 1313 940 1398 censebat),
961 1333 1067 1398 neque

103 1397 273 1492 quisquam
295 1399 344 1460 est
364 1395 565 1479 vulneratus,
591 1396 655 1460 msi
683 1397 738 1480 qui
765 1419 855 1546 ᾖσι·
875 1397 921 1462 im
944 1418 1066 1483 ugnare

751 1502 771 1546 o

103 1481 217 1545 volart.
252 1479 415 1544 neminem
429 1479 586 1544 iacentem
606 1482 694 1546 veste
712 1502 749 1564 sp
815 1482 872 1566 vit,
957 1483 1067 1567 attigit

101 1564 168 1628 nisi
194 1583 297 1647 arma,
332 1582 470 1646 quorum
494 1561 674 1647 indigebat,
707 1586 788 1647 quae
812 1586 851 1629 ue
878 1564 919 1630 ad
945 1565 1066 1632 victum

101 1645 316 1732 pertinebant
359 1647 395 1711 in
416 1645 555 1712 secundo
577 1647 700 1731 proelio
723 1649 789 1714 ceci
814 1649 838 1713 't
851 1647 978 1733 Critias,
1000 1649 1094 1715 duxr

101 1736 328 1816 tyrannorum,
359 1751 432 1796 cum
460 1730 588 1815 quidem
618 1731 808 1798 exadversus
830 1732 1065 1818 Thrasybulum

101 1814 276 1881 fortissime
298 1818 466 1901 pugnaret.

185 1897 258 1964 Hoc
280 1899 401 1964 deiecto
415 1898 592 1965 Pausanias
612 1899 703 1966 venit
715 1901 833 1966 Atticis
855 1901 985 1986 auxilio,
1005 1922 1062 1967 rex
1079 1903 1100 1968 3

101 1983 438 2049 Lacedaemoniorum.
474 1983 502 2049 is
516 1983 602 2048 inter
616 1983 851 2068 Thrasybulum
873 1988 906 2050 et
921 2005 986 2070 eos,
1008 1986 1065 2073 qui

98 2069 214 2133 *urbem
235 2067 403 2166 tenebant!
431 2066 509 2134 lecit
529 2084 641 2151 pacem
665 2068 716 2132 his
738 2068 994 2134 condicionibus:
1022 2090 1064 2135 ne

101 2152 157 2236 qui
179 2155 306 2236 praeter
326 2152 462 2236 triginta
482 2155 638 2235 tyrannos
665 2155 699 2218 et
719 2152 841 2238 decem,
869 2153 925 2237 qui
951 2157 1065 2238 postes
1193 2215 1195 2218 .

101 2240 265 2321 praeberes
280 2235 377 2301 creati
392 2236 565 2320 superioris
580 2256 669 2301 more
684 2236 881 2303 crudelitatis
896 2242 990 2302 erant
1003 2240 1063 2325 usi,

100 2321 306 2386 afficerentur
327 2320 422 2385 exilio
443 2341 525 2386 nere
546 2323 632 2386 bona
658 2320 913 2404 publicarentur:
938 2323 985 2387 rei
1006 2345 1064 2407 pu·

99 2404 202 2470 blicas
223 2405 406 2488 procuratio
421 2404 542 2500 populo
557 2403 751 2469 redderetur.
787 2405 985 2487 praeclarum
999 2407 1092 2473 hocs

100 2508 229 2572 quoque
244 2486 446 2585 Thrasybulr,
468 2487 555 2571 quod
568 2487 773 2552 reconciliata
788 2508 877 2570 pace,
899 2508 972 2553 cum
992 2489 1063 2573 plu-

99 2573 217 2638 rimum
239 2571 275 2637 in
296 2571 425 2637 oimtate
445 2574 568 2655 posset,
584 2571 695 2657 legem
715 2571 806 2655 tulit,
830 2593 872 2638 ne
895 2572 966 2656 quis
987 2575 1067 2639 ente·

99 2659 243 2722 actarum
264 2677 371 2720 rarum
393 2658 593 2722 accusaretur
613 2676 695 2720 neve
709 2655 907 2740 multaretur,
929 2677 1062 2742 eamque
1168 2673 1172 2678 '

99 2741 149 2804 illi
163 2740 336 2806 oblivionis
357 2740 570 2838 appellarunt
612 2760 717 2823 neque
732 2760 808 2805 varo
829 2739 913 2806 hanc
934 2745 1091 2808 tantuma

99 2823 265 2890 ferendam
280 2828 419 2908 curant,
440 2823 496 2890 sed
518 2823 614 2890 etiam
636 2828 674 2890 ut
686 2824 808 2890 valeret
829 2825 944 2894 effecit.
986 2847 1062 2892 nam

99 2929 174 2974 cum
196 2907 326 2993 quidam
347 2929 386 2974 ex
407 2909 457 2992 iis,
479 2908 535 2992 qui
557 2907 652 2974 simul
673 2929 746 2974 cum
767 2928 805 2974 eo
827 2909 863 2974 in
877 2909 974 2975 exilio
994 2910 1062 2976 fue·

98 2994 188 3090 rant!
217 2991 344 3058 casdem
365 2995 470 3061 facere
493 3013 604 3058 eorum
625 2993 760 3076 vellent,
787 3013 861 3058 cum
889 2993 1008 3077 quibus
1026 2994 1063 3060 in

98 3079 237 3162 gratiam
258 3076 395 3141 reditum
418 3080 486 3142 erat
506 3076 650 3174 publice,
677 3076 846 3162 prohibuit
866 3081 899 3143 et
919 3075 953 3142 id
975 3078 1062 3162 quod

97 3160 262 3245 pollicitus
285 3163 354 3224 erat
373 3161 543 3244 praestitrt.

182 3243 268 3310 Huic
294 3264 353 3328 pro
380 3243 480 3309 tantis
506 3244 629 3310 meritis
660 3244 793 3312 honoris
820 3266 940 3312 corona
963 3268 984 3311 a
1002 3248 1097 3330 po=4

97 3330 176 3414 pulo
198 3329 273 3394 data
293 3332 352 3412 est,
373 3327 459 3393 facta
473 3326 594 3394 duabus
609 3329 743 3415 virgulis
765 3329 930 3416 olcaginia.
964 3350 1061 3413 quarn
1167 3349 1171 3356 ’

98 3413 185 3497 quod
212 3433 304 3484 amor
323 3411 442 3478 civium
469 3415 503 3476 et
528 3433 596 3478 non
622 3413 670 3478 ris
699 3417 912 3498 expresserat,
936 3413 1059 3478 nullam

97 3497 212 3564 habuit
236 3496 392 3564 invidiam
419 3515 600 3584 magnaque
621 3496 685 3564 suit
705 3499 818 3583 gloria.
871 3498 953 3563 bene
980 3507 1088 3582 ergon

147 3599 279 3644 domm
291 3599 374 3641 maroa
839 3605 855 3654 8
