2606 3940
230 225 291 291 100
531 241 614 291 xxv.
650 240 805 290 armeus.
822 236 885 287 nr,

197 390 214 441 a
312 375 418 442 Huius
440 376 478 441 de
499 375 566 441 vita
587 379 621 442 et
641 377 783 442 moribus
826 377 898 442 lure
917 377 952 440 in
968 395 1006 440 eo
1022 375 1105 442 libro
1121 395 1194 460 per·

227 462 328 528 secuti
349 482 467 546 sumus,
490 481 585 545 quem
607 462 778 546 separatim
800 398 839 526 de
861 481 899 526 eo
919 459 1053 526 fecimus
1075 481 1092 524 r
1154 463 1192 525 tu

227 545 264 611 Τ.
279 544 452 631 Pomponii
467 545 577 610 Attici.
614 565 712 629 quare
734 543 894 612 studiosos
909 543 1041 612 Catonis
1057 544 1097 609 ud
1111 567 1123 610 1
1149 545 1193 610 ud

227 630 378 697 uolumen
400 629 592 716 delegamus.

608 819 805 828 -.------

520 983 632 1061 xxv.
684 983 894 1096 remoue.

193 1138 208 1197 1
312 1132 348 1198 Τ.
371 1132 571 1218 Pomponius
592 1132 735 1217 Atticus,
763 1133 804 1198 ab
826 1132 951 1219 origine
978 1131 1092 1198 ultima
1119 1133 1192 1199 stir-

171 1231 178 1238 “
229 1219 279 1302 pis
306 1216 469 1284 Romanae
497 1221 683 1303 generatus,
710 1237 751 1301 pe
791 1220 867 1284 etuo
894 1239 914 1282 a
939 1217 1114 1284 maioribus
1140 1237 1192 1282 ac·

197 1305 354 1387 eoeptam
381 1305 560 1387 equestrem
587 1300 729 1367 obtinuit
779 1301 955 1387 'gnitntem
985 1305 1090 1450 <fam
1113 1322 1192 1368 usus

229 1391 278 1451 est
299 1386 453 1471 diligente
474 1389 522 1471 et,
546 1388 583 1450 ut
603 1388 674 1450 tum
696 1388 788 1450 erent
807 1389 962 1470 tempora,
1006 1386 1044 1450 1ti
1070 1385 1105 1450 in
1126 1385 1191 1470 pri·

227 1470 351 1553 misque
373 1469 516 1536 studioso
537 1470 727 1536 litterarum.
770 1469 834 1553 hic,
855 1473 953 1554 prout
971 1469 1041 1568 ipse
1063 1471 1192 1535 amabat
1275 1501 1279 1518 ι

227 1554 361 1639 litteras,
384 1555 533 1621 omnibus
555 1552 718 1638 doctrinis,
741 1554 857 1637 quibus
877 1553 1010 1638 puerilia
1031 1557 1118 1620 cetus
1132 1555 1191 1619 im-

198 1639 342 1724 spertiri
363 1637 466 1736 debet,
487 1638 590 1704 lilium
617 1636 765 1703 erudivit.
815 1640 884 1704 erat
904 1641 1012 1703 antem
1032 1639 1068 1704 in
1089 1658 1190 1738 puero

227 1726 354 1806 praeter
368 1723 564 1788 docihtatem
579 1721 703 1807 ingenii
717 1741 841 1787 summe
858 1721 998 1787 maritas
1013 1722 1079 1788 oris
1092 1727 1190 1806 atque

228 1806 330 1890 vocis,
358 1810 484 1871 utnon
510 1805 613 1871 solum
636 1805 782 1872 celeriter
802 1805 960 1890 acciperet
984 1827 1066 1890 qnae
1087 1809 1191 1872 trade-
1287 1807 1288 1866 1

227 1892 357 1975 bantur,
379 1888 436 1956 sed
458 1889 554 1954 etiam
576 1889 767 1954 excellenter
788 1890 1021 1974 pronuntiaret.
1066 1911 1190 1975 quaer

227 1995 262 2040 re
289 1975 324 2040 in
351 1973 487 2060 pueritie
516 1973 634 2040 nobilis
660 1973 745 2039 inter
775 1974 924 2058 aequales
944 1974 1107 2040 ferebatur
1127 1975 1190 2040 els-

227 2059 356 2142 riusque
378 2057 671 2143 exsplendescebat,
693 2078 790 2142 quam
811 2059 959 2144 generosi
980 2059 1189 2142 condiscipuli

200 2143 339 2292 *tlt
361 2142 752 2309 :remiserint
773 2142 1190 2311 tlrnlnltltqlltl

228 2309 263 2375 Ο.
286 2308 408 2374 Marius
426 2274 530 2392 lilius,
551 2306 595 2373 M.
618 2308 745 2375 Cicero:
774 2309 855 2394 quos
881 2279 1189 2379 ordeumccii

229 2394 274 2459 sic
296 2392 448 2477 devinxit,
471 2396 508 2459 ut
527 2413 622 2458 nemo
644 2393 684 2458 iis
706 2397 861 2478 perpetuo
883 2394 983 2460 fuerit
1003 2396 1115 2462 carior.

310 2476 408 2544 Pater
423 2480 547 2542 mature
565 2476 708 2556 decessit.
740 2479 808 2563 ipse
826 2477 1083 2545 adulescentulus
1093 2500 1188 2578 prop·

227 2566 277 2628 ter
305 2561 503 2627 adfinitatem
529 2559 566 2626 P.
589 2560 739 2647 Sulpicii,
767 2562 823 2646 qui
850 2562 999 2630 tribunus
1026 2563 1070 2648 pl.
1092 2567 1190 2629 mter·

228 2647 331 2712 lectus
353 2649 417 2728 est,
445 2666 513 2710 non
542 2665 654 2730 expers
676 2645 739 2711 fuit
765 2646 851 2712 illius
872 2647 1022 2730 periculi:
1050 2668 1190 2732 namque

229 2729 345 2794 Anicia
368 2728 541 2814 Pomponii
556 2729 758 2815 consobrina,
779 2735 933 2830 nupserat
953 2729 1074 2814 Servio,
1096 2732 1190 2797 fratri
1284 2749 1285 2755 ’

198 2779 372 2911 rssulpicii.
409 2815 517 2897 itaque
537 2813 706 2912 interiecto
722 2813 864 2900 Sulpicio
879 2818 1087 2900 posteaquam
1109 2816 1190 2881 vidit

228 2897 377 2964 Omneno
404 2897 544 2962 tumultu
573 2902 735 2964 civitatem
757 2920 825 2966 esse
846 2899 1064 2984 perturbatam
1084 2920 1189 2985 neque

228 2981 290 3046 sibi
313 2981 380 3046 deri
401 2980 586 3046 facultatem
608 3002 667 3066 pro
689 2982 845 3069 dignitate
872 2983 1017 3068 risendi,
1045 2983 1124 3068 quin
1146 2986 1190 3050 al·

227 3068 383 3130 terutrcm
396 3069 521 3150 partem
536 3065 719 3164 offenderet,
740 3067 917 3134 dissocietis
931 3069 1046 3134 animis
1061 3069 1189 3153 civium,

227 3169 300 3214 cum
329 3149 385 3212 ulii
412 3148 568 3233 Sullanis,
598 3150 653 3215 alii
681 3149 835 3218 Cinnanis
863 3151 1010 3219 tererent
1035 3153 1189 3237 partibus,

228 3233 379 3298 idoneum
401 3236 467 3298 tem
490 3255 527 3300 us
549 3237 638 3299 retus
660 3235 772 3300 studiis
790 3237 987 3321 obsequendi
1008 3238 1074 3302 suis
1088 3237 1190 3302 Athe-
1282 3275 1283 3299 ι

227 3338 286 3383 uas
308 3338 342 3384 se
364 3255 509 3384 cunulis
552 3308 717 3402 neque'eo
739 3320 842 3386 secius
866 3320 1100 3388 adulescentem
1122 3319 1190 3388 Ma·

228 3401 313 3467 rium
346 3401 472 3469 hostem
507 3400 682 3468 iudicatum
717 3403 800 3469 iuuit
835 3404 950 3488 opilius
982 3406 1063 3489 suis,
1099 3405 1189 3472 cuius

201 3485 341 3568 afugsm
365 3487 501 3569 pecunia
522 3487 709 3553 sublevavit.
759 3508 795 3552 ac
823 3508 864 3552 ne
890 3489 947 3553 ills
972 3489 1189 3574 peregrinatio
1281 3493 1282 3498 ’
