2590 3946
469 225 504 275 x.
548 226 644 276 oron.
666 223 742 274 s-s.
1042 214 1086 279 39

126 363 221 445 pluro
245 369 322 426 sunt
348 383 386 427 ex
410 361 507 447 osite,
535 362 592 445 qui
618 363 656 428 de
677 363 837 428 historicis
861 363 990 430 Graecis
1013 387 1087 430 con·

126 444 263 542 scriptus
290 451 346 512 est.
386 381 484 543 l'lsto
506 452 614 544 sutem
640 451 767 512 tentum
788 446 873 531 spud
894 447 1117 545 Dionysiumt

126 533 316 596 auctoritate
343 535 450 614 potuit
477 530 640 615 velurtque
669 532 867 616 eloquentia,
895 536 933 597 ut
961 555 992 597 er
1017 555 1088 616 per-

125 614 262 678 suaserit
287 613 467 698 tyrannidis
493 615 597 680 fucere
623 616 722 681 tinem
748 616 991 700 libertatemque
1018 617 1088 681 red·

126 698 201 763 dere
226 697 447 782 Syracusanis:
475 720 579 783 equs
605 699 771 764 voluntate
795 700 925 765 Philisti
951 701 1087 768 consilio

126 781 296 848 deterritus
318 783 483 866 eliquanto
507 783 665 850 crudelior
687 806 754 850 esse
777 785 892 868 coepit.

212 866 275 943 Qui
292 865 421 951 quidem
435 889 507 932 cum
528 866 666 933 sDione
689 891 722 934 se
744 869 887 952 superori
901 868 1024 934 videret
1036 871 1084 936 in·
1100 871 1124 936 4

125 952 238 1101 litis&
255 951 1087 1120 ttttttqtlttttblttttet⁶¹²5?

125 1119 250 1201 mendi,
277 1086 401 1186 nerem,
420 1121 450 1184 ei
478 1120 641 1186 triremem
669 1119 770 1204 dedit,
804 1142 868 1203 qua
894 1121 993 1186 Corin
1023 1061 1086 1186 liun

125 1204 344 1286 deveheretur,
367 1204 538 1270 ostendens
558 1226 593 1269 se
614 1204 648 1269 id
669 1204 834 1287 utriusque
855 1205 959 1270 fecere
982 1227 1085 1288 cause,

125 1309 180 1370 ue,
204 1311 277 1354 cum
296 1288 382 1353 inter
409 1310 443 1354 se
469 1289 633 1372 timerent,
661 1287 813 1354 alteruter
840 1288 975 1354 alterum
995 1311 1085 1372 prse-

126 1377 304 1455 occuperst.
348 1373 382 1437 id
403 1394 475 1437 cum
496 1373 617 1438 fectum
638 1373 732 1438 multi
753 1373 998 1456 indignarentm
1018 1385 1115 1437 mse-2

126 1476 272 1540 gueeque
300 1461 384 1522 esset
411 1455 551 1520 invidiae
577 1461 730 1539 tyrs-uno,
758 1455 934 1540 Dionysius
967 1457 1056 1522 omni

126 1561 208 1622 quse
229 1540 352 1606 moveri
372 1543 523 1623 poterant
543 1538 673 1623 Dionis,
695 1540 730 1604 in
750 1561 849 1605 neves
870 1540 1025 1624 imposuit

126 1645 262 1708 eumque
289 1623 386 1689 misit.
436 1623 482 1688 sic
509 1623 596 1688 enim
623 1623 798 1688 existimari
825 1623 968 1707 volebat,
997 1624 1031 1688 id
1050 1646 1085 1690 se

124 1729 193 1773 non
220 1707 294 1773 odio
321 1708 477 1793 hominis,
510 1707 566 1772 sed
597 1729 672 1772 suae
699 1708 811 1774 salutis
837 1707 950 1772 fecisse
979 1729 1083 1774 cause.

125 1796 238 1875 posteo
257 1812 333 1858 vero
356 1814 453 1875 quem
474 1792 597 1856 audivit
623 1813 696 1856 eum
717 1792 753 1856 in
772 1790 997 1875 Peloponneso
1018 1805 1115 1857 mss-8

124 1898 205 1940 num
219 1897 404 1960 comparere
419 1876 543 1959 sibique
556 1876 677 1940 bellum
688 1877 796 1958 ¹facere
811 1876 930 1959 ceneri,
953 1877 1085 1962 Areten,

124 1959 241 2025 Dionis
257 1980 399 2043 uxorem,
421 1959 476 2024 olii
493 1981 539 2023 nu
561 1963 631 2024 tum
654 1959 741 2024 dedit
761 1958 925 2042 filiumque
951 1960 1018 2024 eius
1040 1961 1085 2025 sic

125 2043 253 2108 educari
274 2043 375 2128 iussit,
400 2048 439 2108 ut
457 2043 515 2108 ind
573 2043 654 2108 endo
676 2043 868 2126 turpissimis
889 2043 1086 2108 imbueretur

124 2126 391 2277 cupripdaitstdiqus.b
409 2148 488 2276 nqqq
505 2147 606 2224 puero
633 2127 722 2276 pqilus
743 2149 847 2276 querq)
868 2127 1116 2275 pulbqqlressete

124 2233 187 2393 ditis
207 2232 457 2378 ullirmutcdmapnus
470 2232 915 2378 sblirlilrordlindddbldtdr.mis
926 2232 1085 2391 lrsqdelhec
1097 2308 1115 2358 o

124 2383 209 2444 vrtse
236 2382 355 2443 statum
381 2383 612 2443 commutatum
638 2380 722 2444 ferre
747 2399 816 2444 non
843 2382 966 2462 potmt,
998 2384 1086 2462 post·

124 2484 222 2545 quam
243 2462 279 2526 in
298 2462 436 2546 petriam
451 2461 547 2526 rediit
560 2466 651 2544 pater
672 2462 825 2558 (namque
839 2460 979 2544 appositi
993 2467 1087 2526 erent

124 2545 281 2628 custodes,
303 2547 360 2630 qui
375 2567 448 2610 eum
468 2545 637 2629 epristino
652 2548 740 2609 vrctu
755 2543 970 2630 deducerent),
992 2549 1030 2609 ut
1051 2566 1086 2611 ss

123 2631 163 2696 de
191 2629 353 2715 superiore
401 2634 469 2694 erte
502 2627 628 2694 sedium
654 2627 803 2693 deiecerit
830 2631 926 2712 atque
959 2628 1006 2693 its
1036 2628 1086 2694 in·

124 2715 255 2780 terierit
278 2715 334 2780 sed
357 2714 365 2728 '
392 2735 431 2780 uc
452 2717 605 2778 revertor.

206 2797 235 2868 P
308 2821 383 2864 uem
409 2797 601 2863 Corinthum
627 2796 775 2880 pervenit
794 2795 883 2860 Dion
911 2800 944 2861 et
972 2795 1122 2862 ecdem5

123 2883 267 2966 perfugit
313 2881 464 2948 eraclides
485 2882 526 2947 sb
548 2880 660 2946 eodem
674 2880 823 2964 expulsus
837 2879 1005 2964 Dionysio,
1027 2881 1085 2964 qui

123 2965 303 3048 praefectus
323 2967 430 3032 fueret
444 2966 597 3049 equitum,
620 2965 709 3030 omni
724 2965 849 3029 ratione
862 2963 985 3028 bellum
998 2985 1083 3030 com-

122 3056 433 3199 peplutqecoeperunt.
466 3047 1114 3216 sequpaquqlplnultumproficiebsntqupadt

123 3155 156 3198 m
227 3156 299 3198 rum
320 3155 478 3200 annorum
661 3152 851 3217 magnarum
873 3152 971 3215 opum
991 3153 1068 3229 pu·

123 3219 585 3367 ttwutttsttttr
592 3214 1112 3366 struerentur,

122 3323 230 3469 sopiit)
251 3406 348 3468 quum
379 3350 636 3479 odio'ryrannr,
654 3349 794 3448 mhximo
822 3383 930 3478 enimc
958 3381 1083 3478 duobus

124 3468 277 3534 onerariis
297 3468 434 3549 nuribus
460 3467 696 3552 quinquaginta
716 3487 875 3532 annorum
901 3485 1082 3552 rmperrum,
