2590 3946
392 250 463 297 xiv.
500 237 676 298 Darium.
701 247 722 294 1.
746 245 770 294 a.
998 324 1001 328 ἱ
1020 237 1063 302 49

97 386 185 451 lama
212 384 375 450 dimicanti
403 384 521 452 deesse.
574 387 660 448 hunc
693 384 843 450 adversus
875 389 984 452 tamen
1010 386 1064 452 Ti·

98 470 247 550 motheus
269 473 380 553 postea
407 468 521 552 populi
542 467 630 532 iussu
657 469 777 533 bellum
799 471 913 567 gessit:
940 473 1063 554 patriae

99 555 259 620 sanctiora
280 554 350 618 iura
372 574 469 636 quam
490 553 622 636 hospitii
644 573 712 617 esse
734 553 833 618 dunt.

182 635 272 702 Haec
293 641 435 702 extrema
455 637 518 700 fuit
539 638 686 702 estasim
709 642 871 702 erutorum
885 639 1093 704 Athenien-l

99 724 191 803 sium,
207 721 387 805 Iphicratis,
404 719 569 803 Chabriae,
584 721 678 787 'limo
716 723 760 786 ci:
783 743 887 805 nequa
897 727 976 820 post
991 724 1063 788 illo-

99 829 171 871 rum
192 807 316 904 obitum
338 807 505 888 quisquam
533 803 595 870 dux
617 807 652 870 in
680 805 736 869 illa
758 807 835 870 urbe
857 806 920 871 furt
947 807 1063 892 dignus

99 911 264 956 memoria.

183 973 290 1038 Venio
316 995 402 1039 nunc
435 975 475 1038 ad
499 974 709 1040 fortissimum
736 975 841 1038 virum
868 975 1062 1058 maximique
1076 986 1106 1054 ⁵.

99 1058 227 1123 consilii
242 1058 385 1122 omnium
399 1059 617 1140 barbarorum,
638 1060 776 1142 exceptis
792 1058 915 1124 duabus
931 1058 1062 1128 Cartha·

99 1142 314 1227 giniensibus,
341 1141 523 1208 Hamilcare
550 1146 582 1206 et
602 1142 793 1208 Hannibale.
848 1142 886 1208 de
914 1165 977 1226 quc
1000 1145 1092 1210 hocs

99 1228 194 1310 plura
215 1226 398 1310 referemus,
421 1227 507 1310 quod
529 1230 561 1292 et
582 1228 766 1292 obscuriora
787 1231 863 1292 sunt
884 1227 952 1292 eius
973 1233 1064 1312 gesta

99 1311 252 1394 pleraque
279 1315 312 1376 et
340 1332 391 1393 ea,
425 1333 506 1394 quae
539 1333 690 1394 prospere
723 1313 752 1376 ei
785 1318 963 1394 cesserunt,
996 1334 1064 1377 non

100 1395 322 1480 magnitudine
344 1416 381 1460 co
404 1395 517 1477 iarum,
540 1395 594 1460 sed
616 1396 752 1477 consilii,
775 1417 839 1479 quo
861 1400 930 1462 tum
952 1418 1063 1462 omnes

100 1480 285 1626 {we-{abii
317 1416 514 1542 acciderunt:
548 1501 684 1628 quoqum
707 1481 774 1628 qiisi
802 1481 884 1546 ratio
907 1481 1064 1563 explicata

115 1583 184 1626 usn
204 1611 212 1642 ,
234 1584 285 1628 res
306 1583 459 1646 apparere
480 1582 547 1627 non
566 1583 609 1645 pc
626 1585 729 1634 erun.

388 1881 483 1994 riu
535 1919 770 1993 carrusa.

186 2066 352 2151 Datames,
379 2071 470 2150 patre
493 2066 668 2150 Camisare,
690 2070 822 2133 actone
845 2067 939 2151 Care,
959 2072 1098 2136 matrel

102 2151 265 2234 Scythissa
278 2155 381 2235 natus,
396 2153 536 2235 primum
550 2152 690 2218 militum
703 2152 737 2216 in
752 2175 886 2222 numero
902 2155 964 2223 fuit
977 2154 1063 2237 apud

101 2239 302 2301 Artaxerxen
319 2257 438 2320 aarum,
461 2237 517 2320 qui
531 2235 653 2320 regiam
670 2239 852 2302 tuebamur.
889 2243 979 2321 pater
995 2241 1063 2304 eius

101 2319 296 2400 Camisares,
325 2320 409 2402 qued
437 2325 470 2385 et
495 2341 593 2384 manu
621 2321 714 2386 fortis
742 2325 774 2386 et
799 2322 885 2386 bello
914 2327 1063 2388 stremms

101 2407 135 2469 et
155 2403 224 2488 regi
245 2403 355 2467 multis
376 2405 455 2468 locis
477 2403 578 2467 fidelis
601 2407 669 2469 erat
687 2409 841 2487 repastus,
863 2405 976 2472 habuit
990 2427 1062 2488 pro·

101 2488 240 2552 vinciam
253 2490 377 2570 partem
389 2485 518 2552 Ciliciae
536 2487 626 2552 iuxta
640 2486 883 2570 Cappadociam,
905 2510 1001 2572 quam
1016 2491 1063 2554 in·

101 2571 212 2637 colunt
234 2570 415 2655 Leucosyri.
458 2569 609 2635 Datames
630 2571 768 2637 militare
784 2593 901 2636 munus
922 2572 1091 2657 lungenss

101 2657 240 2741 primum
272 2656 375 2804 qualis
398 2659 489 2752 esset,
511 2655 637 2738 aperuit
658 2656 693 2720 in
713 2651 808 2738 bellb,
831 2655 917 2738 quod
936 2678 992 2720 rex
1010 2657 1063 2720 ad·

101 2762 211 2838 versus
253 2740 380 2839 ausios
394 2742 501 2837 gessit.
537 2759 675 2837 namque
697 2740 775 2838 .hi⁰’.
802 2740 912 2807 multis
933 2741 1063 2806 milibus
1166 2813 1169 2822 ,

100 2823 480 2992 mma,
502 2823 1063 2990 quattrtrsrtmru

102 2997 139 3056 ut
159 2995 294 3075 paterna
315 2993 344 3056 ei
363 2991 544 3056 traderetur
557 2992 738 3075 'provincia

186 3075 261 3139 Pari
283 3097 317 3140 se
338 3077 455 3140 virtute
477 3079 589 3160 postea
609 3077 766 3159 praebuit,
789 3097 861 3140 cum
878 3075 1101 3160 Autophro·2

101 3161 191 3226 dates
219 3161 306 3224 iussu
332 3161 417 3243 regis
444 3161 527 3225 bello
556 3165 798 3244 persequeretur
826 3181 894 3242 eos,
928 3160 982 3242 qui
1011 3161 1062 3224 de·

102 3245 254 3309 fecerant.
304 3265 441 3326 namque
471 3245 565 3309 huius
588 3265 685 3328 opera
706 3246 814 3308 hostes
821 3294 830 3327 ,
858 3266 930 3309 cum
959 3251 1063 3309 castra

102 3330 166 3392 iam
187 3329 375 3410 intrassent,
398 3327 558 3424 profligati
580 3335 655 3392 sunt
675 3329 893 3411 exercitusque
919 3328 1062 3409 reliquus

102 3416 308 3477 conservatus
341 3431 426 3496 regis
454 3417 516 3474 est:
548 3433 610 3496 qua
638 3433 676 3478 ex
703 3434 737 3476 rc
765 3412 939 3476 maioribus
966 3411 1061 3474 rebus

103 3517 248 3580 preaesse
273 3496 388 3580 coepit.
443 3499 512 3559 erat
538 3515 576 3560 eo
601 3499 745 3580 tempore
772 3495 881 3579 Thuys
912 3494 1093 3577 dynastesz

842 3599 859 3647 4

152 3597 283 3640 Consanus
296 3598 378 3639 Nasos.
