2570 3952
226 234 271 304 32
480 247 557 299 vm.
588 246 845 299 rnnnsusunus.
868 242 892 292 ι.
912 241 939 294 r„

455 484 553 561 vni
605 447 1015 560 ruricicurte*

194 639 211 702 1
312 633 540 720 Thrasybulus,
560 633 640 720 Lyci
659 635 755 716 filius,
776 632 993 698 Atheniensis.
1029 633 1139 716 siper
1158 655 1198 699 se

228 721 331 786 virtus
352 721 422 786 sine
443 719 574 786 fortune
595 717 802 802 ponderanda
820 722 884 799 est,
906 716 1020 786 dubito
1040 738 1083 784 nn
1104 717 1200 784 hune

251 805 370 872 rimunr
384 803 528 869 omnium
542 825 671 887 ponem.
714 801 796 866 illud
808 802 877 868 sine
895 800 1007 867 dubio:
1030 801 1200 868 neminem

227 827 305 954 ieie
326 887 473 972 praefero
495 887 572 971 ilde,
605 887 801 968 constentie,
833 883 1055 970 magnitudine
1081 886 1198 968 enimi,

199 987 216 1036 2
230 973 267 1036 in
287 971 425 1055 petrium
439 993 556 1036 emere.
593 992 669 1036 nem
691 969 777 1052 quod
791 969 885 1036 multi
899 969 1072 1035 voluerunt
1084 971 1200 1053 peuci-

232 1077 298 1138 que
308 1060 494 1152 potuerunt,
508 1055 555 1151 eb.
564 1075 629 1151 uno
644 1055 784 1138 tyranno
804 1053 942 1135 petrium
955 1052 1102 1149 liberere,
1115 1053 1199 1150 huie

199 1141 1199 1318 .tssbblrrtuiltbtubbtlffilbu}

229 1329 304 1372 cum
324 1328 399 1374 eum
418 1328 514 1372 nemo
536 1311 674 1372 entenet
698 1304 750 1370 bis
772 1304 958 1389 virtutibus,
985 1305 1079 1370 mule
1100 1306 1197 1371 nobr-

228 1391 319 1456 litete
363 1396 634 1456 reecucurrerunt.
687 1389 826 1473 primum
847 1387 1083 1472 Peloponnesio
1106 1389 1195 1456 bello

228 1475 331 1540 multe
340 1413 406 1540 Pbic
427 1475 496 1540 sine
510 1474 676 1540 Alcibiade
690 1473 798 1558 gessit,
819 1473 875 1538 ille
895 1472 1019 1538 nullem
1032 1493 1101 1542 rem
1122 1474 1196 1540 sine

228 1560 306 1624 boc:
332 1579 414 1644 quoe
434 1559 490 1623 ille
511 1559 661 1626 universe
681 1557 821 1624 netneli
843 1557 982 1640 quodem
1004 1557 1092 1623 bone
1115 1557 1196 1624 fecit

200 1643 322 1712 elueri.
365 1643 421 1710 sed
441 1643 499 1707 ille
519 1648 628 1708 temen
655 1643 765 1708 omnio
788 1640 973 1708 communie
992 1640 1195 1724 imperetori·

228 1729 289 1792 bus
309 1748 384 1793 cunr
404 1725 559 1790 militibus
581 1731 614 1790 et
638 1726 784 1808 fortune,
812 1724 898 1808 qued
924 1725 960 1788 in
980 1726 1095 1807 proelii
1116 1747 1195 1793 con·

229 1831 324 1876 cursu
350 1809 419 1874 obit
444 1830 495 1874 ree
516 1832 537 1875 e
556 1810 690 1874 consilio
719 1808 761 1876 ad
786 1808 869 1874 vires
890 1809 1112 1892 ,virtutemque
1134 1829 1209 1892 pn-¹

229 1895 410 1980 guentium.
453 1894 562 1977 itaque
583 1893 652 1958 iure
674 1915 732 1959 suo
753 1891 912 1958 nonnulle
937 1894 978 1958 eb
999 1893 1045 1958 im
1067 1897 1195 1960 eretere

228 1979 331 2062 miles,
353 1977 492 2061 plurime
512 1999 588 2043 vero
611 1977 743 2044 fortune
755 1977 906 2058 vindicet,
929 1997 1025 2060 seque
1073 1977 1079 1989 ‘
1119 1977 1195 2061 plus

229 2063 367 2127 veluioee
390 2061 499 2147 [quum
526 2061 614 2126 ducis
642 2059 857 2146 prudentiam]
879 2082 953 2126 vere
974 2065 1081 2144 potest
1101 2083 1195 2145 prae·

199 2146 345 2210 edicere.
395 2165 493 2226 quere
507 2144 588 2208 illud
606 2145 957 2231 magnificentissimum
977 2145 1099 2210 fectum
1119 2167 1195 2230 pro·

228 2229 336 2312 prium
363 2232 413 2291 est
439 2225 640 2311 lbresybuli.
693 2250 770 2296 uem
795 2250 869 2294 eum
895 2229 1031 2313 triginta
1050 2231 1194 2313 tyrenm,

228 2311 406 2396 praepositi
426 2333 446 2376 e
459 2310 730 2395 Lacedaemoniis,
751 2313 905 2378 servitute
921 2333 1090 2398 oppresses
1104 2318 1195 2380 tene·

228 2399 303 2462 rent
323 2396 484 2481 Athones,
512 2395 668 2479 phirinros
689 2397 789 2478 cives,
811 2397 927 2480 quibus
957 2397 993 2462 in
1013 2396 1099 2464 belle
1119 2418 1196 2480 per·

229 2486 315 2547 seret
335 2481 481 2562 fortune,
503 2481 621 2563 partim
658 2481 740 2546 etrio
754 2481 950 2563 expulissent
962 2481 1080 2564 partim
1094 2480 1195 2545 inter·

228 2565 391 2648 fecissent,
405 2564 618 2648 plurimorum
634 2502 725 2630 Rene
738 2563 900 2648 publicato
914 2564 999 2628 inter
1020 2585 1054 2635 se
1068 2564 1196 2630 divisis-

230 2656 317 2730 sent,
349 2669 418 2713 non
450 2649 555 2713 solum
584 2648 748 2732 princeps,
781 2647 837 2714 sed
864 2649 961 2714 etiem
988 2647 1075 2712 solus
1096 2648 1194 2716 initio

231 2731 354 2797 bellum
374 2733 415 2796 iis
436 2731 561 2796 indixit.

193 2815 216 2882 2
315 2814 379 2880 Hic
405 2816 491 2880 enim
526 2836 599 2880 cum
630 2814 757 2898 Phylen
786 2815 997 2902 confugisset,
1030 2815 1117 2899 qued
1143 2825 1197 2882 eet

230 2898 398 2966 cestellum
418 2899 454 2962 in
475 2899 585 2964 Attice
604 2899 869 2983 munitissimum,
896 2921 964 2966 non
985 2900 1058 2984 plus
1079 2900 1197 2966 hebuit

231 3003 340 3048 secum
361 2983 497 3066 triginta
517 2983 556 3048 de
571 2982 646 3046 suis.
678 2983 741 3048 hoo
755 2983 884 3050 initium
898 2984 962 3050 fuit
983 2983 1094 3050 sclutis
1108 2985 1197 3052 Atti-

202 3080 353 3147 eeorunr,
374 3066 437 3132 hoo
456 3067 557 3132 robur
574 3065 733 3132 libertatis
747 3067 939 3140 clarissimae
954 3068 1102 3133 civitatis.
1138 3089 1197 3134 ne-

231 3171 294 3233 que
316 3170 392 3214 vero
420 3149 564 3214 hicnon
584 3154 787 3236 contemptus
809 3157 858 3216 est
878 3153 983 3236 primo
1005 3175 1025 3216 c
1045 3154 1197 3234 tyrannis

230 3237 326 3318 etque
354 3231 422 3296 cius
443 3233 593 3298 solitudo.
637 3256 718 3316 quoe
746 3234 875 3316 quidem
895 3257 946 3301 res
974 3245 1007 3301 et
1027 3235 1091 3300 illis
1114 3258 1198 3301 con-

231 3317 451 3384 temnentibus
478 3317 632 3400 perniciei
662 3331 695 3382 et
722 3319 798 3383 huic
820 3317 967 3404 despecto
996 3319 1093 3385 eeluti
1120 3319 1195 3386 fuit·

230 3401 310 3467 heec
333 3400 422 3466 enim
443 3401 517 3468 illos
538 3423 652 3488 segnes
674 3401 714 3466 ed
728 3404 991 3487 persequendum,
1011 3403 1072 3468 hos
1086 3411 1197 3471 eutem

201 3489 376 3570 etempore
390 3484 432 3550 ed
444 3485 696 3572 comparendum
711 3487 785 3552 dato
800 3487 878 3552 fecit
890 3488 1094 3556 robustiores.
1129 3509 1196 3570 que
