2590 3946
455 240 479 290 1.
509 239 703 300 trimanus
725 234 750 286 a
771 234 797 287 s.
1072 223 1096 289 5

135 377 298 443 miserunt
327 376 402 443 inde
417 375 457 440 ad
471 376 613 440 Atticam
627 377 828 440 accesserunt
841 394 878 440 ac
899 394 972 439 suae
986 374 1095 458 copias

134 463 170 527 in
191 481 338 545 eampum
352 460 545 526 Marathona
559 457 765 526 deduxerunt
803 459 831 524 ia
852 463 902 525 est
920 460 961 523 ab
976 456 1094 542 oppido

135 547 259 612 circiter
280 546 370 610 milia
396 565 548 629 passuum
567 543 692 630 decem.
742 544 806 608 hoc
832 543 973 608 tumultu
995 542 1125 607 Athe-³

134 630 261 695 aienses
282 633 349 694 tam
365 629 692 712 propinquorumque
713 646 833 726 magno
846 626 985 712 permoti
1007 627 1095 691 auxi·

134 714 213 778 lium
234 733 393 796 nusquam
413 713 477 777 nisi
499 733 518 777 a
539 710 798 777 Lacedaemonias
819 711 1005 795 petiverunt
1020 709 1096 774 Phi·

135 798 330 882 dippumque
346 817 506 862 cursorem
521 796 588 860 eius
602 796 739 881 generis,
761 796 817 880 qui
831 794 1095 860 hemerodromoe

136 885 309 964 vocantur,
341 879 612 947 Lacedaemonem
644 879 815 964 miserunt,
853 881 890 944 ut
920 879 1094 958 nuntiaret,

157 987 233 1030 uam
259 965 353 1030 celeri
375 985 456 1050 opus
479 967 561 1031 esset
582 964 712 1032 auxilio.
748 963 836 1030 domi
857 965 964 1029 autem
986 967 1127 1027 creante

136 987 245 1115 decem
262 1052 434 1133 praetores,
456 1048 512 1133 qui
527 1048 678 1113 exercitui
693 1051 892 1131 praeessent,
914 1047 950 1111 in
964 1047 1010 1111 eia
1024 1045 1098 1110 Mn-

135 1133 262 1200 tiadem.
291 1135 377 1198 inter
390 1153 472 1216 quos
485 1151 603 1218 magna
617 1131 680 1196 fuit
693 1131 858 1196 eontentio
888 1134 997 1195 utrum
1010 1150 1097 1196 moe·

135 1218 230 1284 nibus
252 1238 285 1282 se
307 1216 524 1299 defenderent,
545 1237 587 1281 an
602 1216 731 1280 obviam
751 1216 837 1280 irent
856 1179 1003 1280 bostibus
1017 1215 1098 1280 acie·

136 1321 198 1386 que
219 1301 435 1367 decernerent.
480 1319 563 1366 unus
584 1299 744 1365 Miltiades
763 1299 901 1365 maxime
921 1299 1126 1381 nitebatur,t

136 1389 173 1451 ut
188 1387 292 1471 primo
308 1405 436 1469 quoqne
449 1387 595 1468 tempore
609 1387 713 1448 cestra
727 1384 853 1449 fierent:
876 1382 909 1449 id
926 1383 955 1448 ei
976 1382 1099 1450 factam

136 1474 233 1554 esset,
260 1472 293 1534 et
314 1469 436 1534 civibus
457 1469 601 1532 animum
622 1487 835 1552 accessurum,
857 1487 931 1532 cum
952 1466 1099 1532 viderent

137 1553 176 1618 de
209 1573 320 1618 eorum
346 1552 465 1617 virtute
484 1571 560 1616 -non
590 1550 765 1634 desperari,
793 1555 826 1624 et
852 1552 960 1616 hostes
988 1549 1098 1615 eadem

136 1657 171 1703 re
192 1638 262 1702 lore
283 1635 448 1720 tardiores,
471 1636 498 1700 ei
512 1633 803 1700 animadverterent
815 1634 925 1700 auderi
947 1634 1098 1699 adversus

137 1741 171 1787 se
192 1724 259 1787 tam
280 1720 404 1806 exiguis
425 1720 527 1804 copiis
548 1719 702 1784 dimicari.

220 1803 292 1870 Hoc
324 1805 359 1869 in
395 1807 540 1887 tempore
570 1803 661 1868 nulla
699 1802 812 1868 civitas
845 1802 1135 1868 Atheniensibusb

137 1889 256 1955 auxilio
278 1888 342 1952 fuit
362 1890 489 1971 praeter
502 1887 715 1952 Plataeensee.
748 1907 786 1951 ea
806 1887 895 1950 mille
909 1887 997 1951 misit
1015 1887 1098 1950 mili-
1203 1913 1208 1920 ·

137 1977 215 2038 tam
266 1972 278 2035 i
334 1991 375 2036 ue
400 1971 517 2037 horum
544 1971 684 2036 adventu
712 1970 819 2035 decem
846 1969 937 2035 milia
961 1974 1098 2035 armato·

137 2077 209 2121 rum
235 2076 328 2140 comp
343 2058 395 2120 eta
421 2058 512 2139 sunt,
538 2075 620 2138 quae
645 2074 759 2119 manua
781 2053 921 2118 mirabili
942 2053 1099 2140 flagrabat

136 2162 180 2225 pu
270 2139 303 2204 di
325 2139 508 2223 eupiditate.
551 2159 615 2222 quo
637 2137 758 2203 factum
779 2141 829 2204 est
848 2141 886 2203 nt
905 2137 979 2222 plus
1000 2157 1127 2222 quamn

137 2245 175 2291 co
201 2244 279 2310 egee
300 2221 461 2288 Miltiades
475 2222 605 2288 valeret
642 2223 710 2288 eins
732 2242 809 2308 ergo
830 2222 1020 2287 auctoritate
1041 2222 1098 2286 im·

136 2305 1128 2474 tdltbllttlttttnlltsslttmtMtte:³

138 2474 296 2540 radicibus
311 2474 378 2539 acie
392 2474 524 2558 regione
535 2473 692 2538 instructa
711 2493 779 2538 non
798 2472 998 2556 apertissima
1007 2493 1100 2556 proe-

137 2559 217 2624 lium
236 2558 466 2624 commiserunt
479 2557 632 2641 (namque
649 2557 778 2622 arborea
792 2555 902 2622 multis
913 2556 994 2621 loeis
1008 2561 1100 2622 erant

137 2643 251 2727 rarae),
273 2642 335 2708 hoe
356 2640 502 2723 oonsilio,
529 2643 568 2704 ut
587 2643 621 2704 et
640 2639 800 2704 montium
821 2639 991 2705 altitudine
1012 2642 1099 2726 tege·

137 2729 249 2792 rentur
270 2729 303 2792 et
323 2726 474 2791 arborum
493 2726 599 2789 tractu
621 2723 783 2807 equitatur
803 2723 946 2789 hostium
966 2723 1099 2808 impedi·

137 2814 240 2894 retur,
262 2829 303 2874 ue
324 2807 530 2878 multitudine
551 2807 783 2873 clauderentur.
819 2806 927 2892 Datis,
950 2808 1010 2872 etsi
1030 2817 1130 2874 non4

138 2913 276 2976 aequum
306 2891 414 2959 locum
438 2887 568 2957 ridebat
589 2892 670 2975 suis,
699 2895 807 2957 mmen
833 2891 935 2957 fretus
963 2911 1098 2959 numero

137 2977 302 3060 copiarum
312 2997 453 3074 'suarum
474 2995 536 3041 con
562 2978 569 2990 '
594 2996 647 3042 ere
667 2975 830 3074 cupiebat,
857 2996 959 3060 eoque
985 2975 1099 3060 magis,

138 3059 239 3209 ἓξὲξ,
270 3079 359 3143 pnnr
381 3079 456 3126 uam
490 3058 572 3125 lace
615 3059 736 3126 amomi
766 3059 908 3125 subsidio
940 3059 1098 3140 vendent,

162 3145 169 3158 '
207 3143 288 3208 'care
320 3163 342 3208 u
359 3145 399 3209 'e
425 3144 648 3210 arbitrabatur.
697 3143 710 3208 i
765 3164 806 3208 ue
832 3143 868 3208 in
888 3143 990 3209 aciem
1011 3143 1099 3227 pedi·

136 3232 207 3294 tum
234 3229 378 3312 centum,
406 3229 550 3324 equitnm
576 3227 685 3293 decem
746 3227 801 3292 'ia
827 3227 980 3312 produxit
1005 3248 1097 3310 proe-

137 3312 280 3397 liumque
300 3310 469 3377 commisit
507 3312 543 3376 in
564 3332 629 3395 quo
649 3314 742 3377 tauto
763 3311 837 3395 plus
850 3312 969 3377 virtute
991 3310 1127 3376 salue-t

136 3399 214 3462 runt
228 3396 452 3477 Athenienses,
473 3397 511 3460 ut
524 3395 750 3479 decemplicem
764 3413 934 3461 numerum
954 3391 1098 3459 hostium

136 3479 355 3567 profligarint,
385 3478 530 3563 adeoque
556 3499 611 3545 eos
636 3482 891 3564 perterruerunt,
919 3481 956 3546 ut
981 3477 1098 3544 Persae
