2590 3946
198 285 220 350 2
528 301 551 348 1.
586 301 788 350 nrurmoas.
812 299 835 347 ι.

168 438 374 520 sponuntur.
411 437 523 500 contra
545 455 582 498 sa
603 435 754 519 pleraque
775 435 893 500 nostris
915 436 1057 501 moribus
1085 442 1162 504 sunt

199 521 323 603 decora,
346 540 427 602 quae
442 518 527 602 apud
548 519 622 583 illos
637 520 744 602 turpia
762 522 927 602 putantur.
965 541 1059 603 quem
1075 523 1160 586 euim

198 603 418 668 Romanorum
450 602 549 686 pudet
579 623 712 666 uxorem
745 603 858 668 ducere
890 604 925 667 in
953 604 1160 669 convivium?

141 705 148 716 ·
198 692 255 752 aut
282 687 371 752 cuius
399 707 466 751 non
493 689 595 752 mater
616 685 755 750 familias
780 687 923 769 primum
943 687 1050 754 locum
1071 691 1162 754 tenet

173 772 326 837 taedium
348 774 443 854 atque
465 770 500 834 in
522 770 705 835 celebritate
727 771 895 835 versatur?
945 772 1031 855 quod
1057 773 1160 837 multo

199 857 236 920 fit
257 855 350 919 aliter
371 855 405 918 in
428 854 571 919 Graecia.
618 875 694 919 nam
715 874 820 936 neque
847 855 882 918 in
902 856 1086 921 convivium
1107 857 1162 921 ad-

65 947 68 952 '
197 939 327 1004 hibetur
346 939 409 1002 nisi
428 939 699 1036 propinquorum,
720 958 824 1022 neque
846 938 935 1002 sedet
961 941 1024 1003 nisi
1050 939 1086 1004 in
1113 941 1161 1003 in·

197 1023 315 1087 teriora
336 1025 427 1106 parts
455 1021 595 1105 aeduum,
618 1041 700 1105 quae
727 1021 948 1119 gynaeconitis
970 1023 1159 1107 appellatur,

199 1128 262 1190 quo
289 1126 385 1171 nemo
414 1107 535 1170 accedit
555 1106 617 1170 nisi
644 1126 827 1202 propmqua
861 1107 1053 1192 cognatione
1086 1129 1160 1172 con·

167 1191 336 1255 siunotus.
380 1189 508 1254 sedhic
529 1191 622 1274 plura
638 1211 786 1273 persequi
808 1210 880 1254 cum
895 1189 1082 1274 magnitudo
1105 1212 1159 1255 ro-

197 1274 328 1338 luminis
359 1274 524 1358 prohibet,
555 1278 624 1339 tum
652 1273 831 1356 festinatio,
865 1277 903 1339 ut
929 1295 966 1338 ea
994 1273 1159 1357 explicem,

197 1379 279 1442 quae
302 1377 432 1422 exorsus
452 1378 532 1421 sum
580 1378 677 1440 quare
704 1357 745 1422 ad
771 1357 972 1442 propositum
994 1358 1159 1422 veniemus

197 1446 231 1508 et
250 1442 285 1506 in
306 1442 369 1506 hoc
390 1458 585 1526 exponemus
600 1441 682 1506 libro
705 1441 743 1507 dc
765 1443 832 1507 vita
854 1441 1077 1508 excellentium
1099 1443 1158 1506 im·

196 1529 389 1609 peratorum.

577 1711 776 1721 ffl—

499 1878 527 1952 1.
580 1876 848 1952 MILTIADES.

78 2055 83 2066 ’
162 2032 177 2096 1
281 2025 457 2108 Miltiades,
485 2023 628 2090 Cimonis
655 2026 753 2109 filius,
776 2026 997 2109 Atheniensis,
1024 2047 1096 2092 cum
1125 2031 1157 2092 st

194 2111 386 2194 antiquitate
401 2109 527 2195 generis
542 2111 575 2173 et
588 2109 693 2194 gloria
706 2110 864 2173 maiomm
880 2112 912 2173 et
929 2131 987 2174 sua
1000 2110 1156 2175 modestia
1293 2115 1294 2124 ’

194 2215 278 2260 unus
300 2194 443 2258 omnium
458 2193 594 2257 maxime
608 2192 738 2258 floreret
758 2213 858 2276 eaque
881 2196 963 2258 esset
984 2196 1097 2277 aetate,
1119 2199 1156 2258 ut
1291 2237 1293 2244 ι

194 2299 261 2344 non
283 2277 347 2342 iam
369 2276 473 2341 solum
496 2276 534 2340 de
556 2297 593 2340 eo
615 2277 697 2340 bene
719 2297 863 2360 sperare,
886 2276 941 2340 sed
963 2277 1058 2342 etiam
1081 2298 1155 2342 con·

194 2362 291 2427 fidere
306 2362 390 2426 cives
405 2363 537 2443 possent
558 2360 616 2443 sui,
638 2361 735 2426 talem
757 2382 829 2425 eum
850 2361 1004 2444 futurum,
1049 2362 1154 2425 ualem

194 2446 360 2531 cognitum
378 2445 573 2527 iudicamnt,
596 2444 711 2509 accidit
729 2449 767 2509 ut
788 2445 1001 2510 Athenienses
1072 2466 1156 2510 erso-
1291 2475 1292 2482 ¹

165 2545 308 2596 anesum
330 2529 462 2596 colonos
490 2528 609 2594 vellent
628 2530 764 2594 mittere.
813 2530 902 2594 cuius
933 2530 1060 2615 generis
1082 2551 1155 2594 cum
1291 2573 1292 2606 ,

193 2633 330 2700 magnus
358 2633 509 2678 numerus
532 2616 615 2680 esset
636 2617 669 2678 st
699 2614 792 2678 multi
819 2614 887 2678 eius
914 2612 998 2677 demi
1056 2613 1154 2678 tionis

194 2701 341 2783 peterent
361 2698 545 2762 societatem
587 2718 625 2762 ex
647 2697 686 2761 iis
709 2696 822 2761 delecti
837 2696 980 2780 Delphos
1024 2696 1155 2761 elibera-

194 2787 264 2847 tum
278 2782 368 2846 missi
389 2785 480 2865 sunt,
503 2747 561 2864 qui
575 2781 779 2846 consulerent
793 2781 989 2864 Apollinem,
1013 2801 1076 2863 quo
1098 2801 1155 2864 po·

194 2866 352 2966 tissimum
374 2867 453 2930 duce
475 2868 649 2930 uterentur.
692 2886 830 2964 namque
852 2869 921 2964 tum
942 2863 1079 2963 Thraces
1102 2885 1154 2929 eas

164 2950 633 3101 ‚attinnttltthttt
646 2950 982 3130 utillimam
1004 2949 1155 3117 istm

194 3123 232 3185 ut
245 3118 422 3184 Miltiadem
437 3120 662 3202 imperatorem
683 3118 744 3183 sibi
764 3121 939 3182 sumerent:
962 3055 1005 3180 al
1016 3117 1043 3182 si
1064 3117 1154 3181 fecis·

164 3208 283 3302 ssent,
305 3203 433 3286 incepta
454 3223 606 3286 prospera
627 3202 744 3267 futura.
781 3200 843 3266 hoc
860 3201 980 3266 oraculi
1001 3220 1154 3283 responso

195 3287 355 3354 Miltiades
377 3308 449 3352 cum
465 3285 585 3352 delecta
603 3307 701 3352 manu
722 3286 820 3352 classe
835 3285 1067 3352 Chersonesum
1082 3304 1155 3367 pro·

195 3372 298 3437 fectus
320 3393 392 3438 cum
414 3371 597 3437 accessisset
611 3370 767 3436 Lemnum
790 3375 823 3436 et
844 3370 964 3435 incolas
987 3369 1054 3432 aius
1069 3368 1155 3432 insu·

195 3456 244 3520 lae
272 3458 331 3521 sub
351 3458 544 3539 potestatem
559 3455 626 3520 redi
651 3477 703 3521 ere
717 3454 815 3520 vellet
830 3453 1087 3536 Atheniensium,
1108 3451 1155 3516 id·

163 3551 258 3622 eque
274 3539 399 3605 Lemnii
414 3561 471 3606 sua
485 3544 599 3624 sponte
621 3476 762 3606 doersum
783 3539 989 3623 postulasset,
1016 3536 1064 3602 illi
1085 3535 1154 3601 irri-
