2606 3940
208 243 251 307 64
487 252 560 301 nvr.
591 247 797 308 renonibus,
818 242 894 294 Η

209 391 299 458 tenui
320 389 414 456 initio
429 389 538 452 tentae
561 406 638 470 opes
660 387 736 476 sunt
755 383 953 468 profligatae.
996 401 1072 444 num
1094 379 1172 444 duo·

210 476 312 541 decim
334 469 563 538 adulescentuli
585 470 731 539 ooierunt
752 467 857 552 exiis,
882 467 939 549 qui
961 465 1056 529 exilio
1080 466 1173 528 erunt

209 558 354 638 multati,
381 577 453 622 eum
482 554 614 620 omnino
642 573 710 619 non
737 554 844 616 essent
870 549 1007 632 amplius
1033 551 1173 631 eentum,

182 636 901 804 renidentirenidenti?
921 633 1083 782 Pll'llll
1102 653 1176 780 lli

210 811 313 897 mugio
327 809 580 876 adversariorum
594 804 729 870 feetioni
743 824 839 887 quoin
853 800 1020 886 Spartanis
1042 822 1079 866 eo
1094 804 1176 898 tem·

210 915 289 979 pore
316 893 436 958 bellurn
463 891 656 972 intulerunt,
683 888 740 972 qni
767 886 928 970 principes
955 888 1047 950 erent
1072 888 1176 949 totius

212 977 379 1042 Grssoieer
402 995 538 1074 quorum
560 973 687 1057 imperii
701 972 860 1069 molestes,
880 990 985 1053 neque
1007 971 1054 1035 its
1070 969 1174 1067 multo

183 1060 556 1229 rid'rrilllllrhll
569 1054 1177 1225 ,ritrlttllltlltdllj

213 1249 286 1293 oum
323 1229 461 1293 Athenis
499 1225 638 1292 interdiu
671 1226 824 1322 exissent,
864 1227 901 1287 ut
934 1227 1177 1321 vesperascente

213 1313 301 1378 eaelo
316 1311 443 1377 Thebas
462 1313 594 1394 possent
607 1329 783 1393 perremre,
805 1328 877 1372 eum
899 1309 1031 1372 canibus
1052 1311 1177 1372 venetr-

213 1398 259 1461 ois
281 1396 442 1476 exierunt,
464 1395 545 1460 retis
571 1394 720 1476 ferentes,
741 1393 859 1458 uestitu
881 1394 1009 1477 agresti,
1031 1412 1094 1475 quo
1117 1392 1177 1454 mi-

214 1500 292 1544 nore
306 1479 488 1562 suspicione
502 1478 646 1544 facerent
666 1478 737 1543 iter.
773 1477 829 1560 qui
843 1497 915 1540 eum
935 1479 1078 1560 tempore
1092 1477 1176 1558 ipso,

216 1584 279 1646 quo
300 1563 503 1643 studuerant,
524 1561 762 1645 pervenissent,
793 1561 922 1624 domum
944 1559 1101 1626 Charonis
1123 1559 1177 1624 de·

216 1649 390 1730 verterunt,
412 1666 516 1728 equo
540 1649 572 1710 et
592 1649 719 1727 tempus
741 1648 774 1708 et
795 1644 861 1708 dies
883 1648 951 1708 oret
972 1643 1074 1710 dotus.

177 1733 198 1798 3
299 1730 370 1796 Hoo
390 1730 462 1796 loeo
490 1730 569 1794 libet
594 1729 816 1812 interponere,
844 1729 903 1792 etsi
928 1727 1107 1795 seiunctum
1135 1729 1176 1792 eb
1268 1765 1275 1779 ·

214 1835 248 1880 re
277 1814 444 1898 proposito
476 1816 538 1896 est,
566 1812 667 1878 nimie
694 1812 810 1878 fiducie
858 1815 974 1878 uentos
1001 1811 1177 1876 eslsmitsti

1292 251 1295 324 '

1292 425 1295 520 l

1291 603 1294 664 1

1292 709 1295 756 ι

214 1897 318 1964 solent
334 1919 413 1967 esse.
456 1918 532 1962 nem
553 1897 798 1982 magistrnbrum
820 1895 846 1959 Τ
871 1897 1046 1962 ebenorum
1067 1897 1174 1962 statim
1290 1945 1292 1956 .

215 1982 256 2048 ed
276 2003 369 2048 sures
396 1981 543 2066 pervenit
570 1981 678 2048 exules
700 1981 735 2044 in
756 1980 868 2046 urbem
889 1981 1023 2046 venisse.
1071 1980 1105 2044 id
1126 1980 1176 2050 illi
1267 1985 1272 2000 ·

215 2067 291 2130 vino
314 2065 478 2150 epulisque
500 2063 599 2130 dediti
624 2084 724 2147 usque
750 2085 789 2128 eo
818 2065 1043 2148 despexerunt,
1070 2069 1108 2129 ut
1133 2084 1176 2128 ne

186 2161 367 2232 equestere
399 2148 527 2294 guidem
559 2148 598 2212 de
630 2151 721 2214 tento
746 2167 781 2212 re
809 2148 994 2214 laborarint.
1044 2149 1178 2213 necessit

216 2232 398 2316 ediumque
435 2232 538 2317 magis
552 2231 690 2315 operiret
711 2251 822 2299 sorum
836 2232 1037 2299 dementiam.
1078 2232 1178 2298 allate

217 2321 265 2380 est
294 2316 380 2380 enim
407 2315 543 2399 epistole
564 2315 702 2380 Athenis
727 2318 769 2382 ob
797 2316 939 2382 Archino
965 2318 1023 2382 nni
1051 2337 1090 2380 ex
1114 2317 1176 2397 his,

215 2399 369 2481 Archino,
402 2400 457 2483 qui
488 2403 559 2464 turn
591 2400 766 2466 maximum
798 2391 1026 2485 'mugistrstum
1056 2399 1177 2466 Thebis

216 2484 398 2564 obtinebat,
423 2484 458 2548 in
480 2504 544 2567 quo
565 2483 673 2548 omnin
694 2483 732 2550 de
754 2483 953 2568 proiectione
974 2505 1085 2553 eorum
1106 2505 1177 2568 per-

217 2568 336 2652 scripta
357 2573 457 2632 erent.
501 2588 582 2650 ques
604 2587 677 2633 oum
697 2567 762 2634 iem
783 2569 951 2637 eooubunti
971 2570 1006 2633 in
1026 2569 1176 2634 convivio

217 2656 301 2716 esset
327 2651 417 2734 dete,
445 2650 528 2716 siout
554 2655 623 2716 eret
648 2652 791 2737 signate,
822 2653 881 2718 sub
908 2653 1077 2736 pulvinum
1104 2655 1178 2718 sub·

188 2735 330 2799 tiioiens
357 2735 405 2799 ‘in
427 2735 613 2799 nestinum'
635 2735 742 2819 inquit
762 2734 885 2801 ‘differo
907 2757 958 2802 res
979 2737 1099 2802 serias?
1143 2741 1178 2802 ot

216 2818 266 2883 illi
288 2837 413 2898 ornnes,
443 2839 515 2883 eum
542 2819 606 2884 iem
627 2839 693 2884 nox
713 2819 936 2904 prooessisset,
957 2821 1114 2886 vinolenti
1136 2821 1176 2884 eb

218 2902 363 2967 exulibus
384 2901 463 2968 duee
478 2901 556 2968 Pelo
580 2903 633 2966 idn
646 2905 722 2968 sunt
742 2903 912 2969 interiecti.
948 2904 1064 2988 quibus
1081 2905 1176 2970 rebus

218 2986 381 3070 oonieotis,
407 2987 505 3072 vulgo
527 3008 546 3050 e
589 3007 677 3052 arms
697 2987 941 3071 libertatemque
962 2992 1086 3071 roonto,
1107 3009 1177 3054 non

218 3069 322 3134 solum
343 3070 399 3152 qui
421 3072 456 3134 in
470 3070 548 3136 urbe
564 3073 663 3152 erent,
687 3070 741 3134 sed
763 3071 860 3136 etiem
880 3071 1022 3155 undique
1036 3094 1075 3137 ex
1090 3073 1176 3157 egris

218 3158 463 3236 concurrerunt,
484 3153 677 3236 praesidium
701 3151 1022 3222 loeedeomoniorum
1044 3177 1083 3224 ex
1103 3176 1176 3222 eree

258 3235 423 3320 pulerunt,
451 3236 588 3320 petrisrn
616 3237 781 3306 obsidione
807 3239 998 3323 liberarunt,
1030 3244 1175 3306 suctores

217 3258 374 3386 dirimere
402 3319 603 3403 ooeupendoe
630 3322 756 3405 parlim,
776 3323 973 3408 oeciderunt,
1001 3325 1118 3408 partim
1139 3326 1175 3390 in
1281 3316 1284 3357 ⁵

219 3405 349 3468 exilium
371 3404 540 3471 eiecerunt.

181 3486 202 3548 4
299 3486 371 3552 Hoo
391 3491 458 3552 tem
472 3487 601 3556 turbido
616 3493 770 3577 tompore,
793 3492 875 3558 siout
888 3513 985 3579 supro
999 3493 1174 3577 docuimus,
