2606 3940
192 243 252 308 108
467 254 552 303 xxv.
589 253 743 303 nerrcus.
767 251 807 300 re.
832 248 871 300 re.

188 396 258 458 tum
280 393 411 489 propter
432 409 565 475 magnas
594 389 661 453 eius
683 385 1096 484 Africaues'poesessiones
1119 386 1158 450 in

160 469 1160 650 ⁵escensurussusurret

189 645 225 708 in
261 643 401 708 raesenti
414 646 523 708 utrum
545 642 575 706 ei
588 639 780 705 laboriosius
802 660 845 703 an
859 637 1031 724 gloriosius
1045 636 1157 719 fuent,

214 728 221 742 '
260 727 320 793 cile
349 730 398 793 eet
423 726 578 809 iudicare,
606 723 694 808 quod
719 723 755 787 in
776 743 887 787 eorum
914 721 1065 805 periculis
1085 741 1159 786 non

191 831 281 877 secus
303 813 450 876 absentes
472 829 569 894 quam
595 810 779 892 praesentes
806 808 926 872 amicos
948 806 1058 871 Attico
1086 825 1156 870 esse

191 915 284 962 curae
306 896 473 980 cognitum
495 897 551 982 est.
892 959 897 970 ,

144 979 181 1044 13
273 978 388 1062 Neque
419 998 495 1043 vero
527 977 583 1041 ille
614 977 721 1042 minus
752 977 858 1040 bouus
890 977 983 1059 pater
1014 972 1156 1039 familias
1214 973 1219 984 '

190 1062 319 1128 habitus
341 1066 389 1127 est
410 1083 507 1159 quam
524 1061 612 1126 ciris.
655 1081 731 1126 nam
753 1080 826 1125 oum
847 1062 930 1124 esset
950 1058 1157 1142 pecuniosus,

190 1168 286 1212 nemo
307 1145 365 1212 illo
380 1167 487 1212 munus
500 1145 565 1209 fuit
579 1166 679 1228 emax,
697 1144 804 1208 minus
819 1141 1012 1208 aedificator.
1048 1162 1156 1226 neque

190 1236 300 1296 tamen
326 1251 395 1296 nou
425 1230 461 1295 in
493 1229 606 1312 primis
636 1229 719 1292 bene
751 1226 909 1292 habitavit
941 1226 1090 1291 omnibus
1112 1246 1155 1290 ue

161 1315 323 1398 septimis
345 1317 439 1378 rebus
460 1333 536 1379 usus
551 1315 608 1391 est
644 1333 720 1376 nam
736 1309 866 1375 domum
879 1309 994 1375 habuit
1014 1311 1051 1375 in
1072 1331 1110 1376 co
1137 1331 1155 1374 a

191 1396 350 1474 Quirinali
371 1396 646 1480 Tamphilianam,
669 1395 710 1460 ab
731 1394 889 1460 auunculo
909 1393 1086 1460 hereditate
1106 1415 1155 1459 re·

190 1483 308 1565 lictum,
331 1481 420 1546 ouius
441 1480 618 1546 amoenitas
640 1500 708 1544 non
726 1478 881 1562 aedificio,
903 1478 959 1543 sed
980 1478 1061 1550 silva
1078 1499 1156 1544 con·
1289 1501 1290 1558 t

191 1567 310 1631 stabat:
339 1565 445 1649 ipsum
471 1565 557 1630 enim
584 1567 704 1630 tectum
738 1563 917 1646 antiquitus
945 1563 1157 1628 constitutum

191 1651 264 1734 plus
285 1649 360 1714 salis
375 1671 471 1747 quam
485 1651 631 1794 sumptus
652 1647 807 1712 habebat:
829 1647 864 1711 in
886 1666 951 1730 quo
972 1646 1056 1712 nihil
1070 1667 1156 1713 com·
1289 1669 1290 1716 1

161 1735 339 1817 amutavit,
360 1733 424 1797 msi
445 1733 473 1797 si
494 1732 549 1816 qui
585 1733 743 1797 vetustate
757 1734 886 1797 coactus
908 1733 965 1796 eet
1008 1751 1084 1796 usus
1106 1737 1156 1796 est
1289 1783 1290 1792 ,

191 1817 324 1899 familia,
347 1817 374 1880 si
389 1816 529 1881 utilitate
541 1814 746 1880 iudicandum
761 1817 818 1897 est,
841 1813 973 1912 optima,
996 1815 1024 1879 si
1040 1815 1153 1896 torma,

191 1901 245 1966 vix
273 1899 436 1966 mediocri.
479 1920 619 1996 namque
640 1899 675 1964 in
697 1920 735 1964 ea
762 1901 853 1964 erant
880 1919 972 2046 pluerr
993 1898 1155 1964 litteratis·
1289 1925 1290 1954 l

192 1985 279 2069 simi,
307 1987 505 2070 anagnostae
533 1983 647 2082 optuni
677 1986 710 2048 et
729 1983 861 2066 plurimi
900 1982 1023 2067 'brar-ii,
1055 1987 1093 2047 ut
1112 2005 1155 2048 ne
1289 1997 1290 2040 l

191 2069 399 2153 pedissequus
420 2067 549 2152 quidem
571 2088 739 2152 qumquam
754 2087 822 2132 esse
868 2065 925 2165 qui
945 2087 1014 2132 non
1034 2069 1156 2132 utrum·

191 2174 254 2236 que
275 2153 392 2217 horum
409 2152 543 2235 pulchre
557 2151 662 2216 faeere
682 2155 800 2235 posset,
844 2172 893 2214 arr
906 2149 1003 2216 modo
1017 2151 1155 2215 artifices

191 2236 304 2318 ceteri,
337 2255 419 2319 quos
450 2234 555 2299 cultus
586 2235 777 2300 domesticus
829 2234 981 2333 esiderat,
1012 2234 1156 2317 adprime

161 2319 280 2384 eboni.
316 2339 420 2404 neque
433 2321 543 2383 tamen
562 2318 679 2383 horum
700 2339 893 2402 quemquam
914 2319 978 2383 nisu
992 2317 1078 2383 domi
1098 2339 1154 2384 na-

190 2408 261 2470 tum
283 2402 432 2487 domique
453 2402 575 2468 factum
595 2401 724 2468 hebuit:
753 2402 840 2486 quod
867 2406 916 2468 est
937 2403 1066 2488 signum
1087 2423 1155 2468 non

191 2488 297 2554 solum
318 2487 550 2571 continentiae,
580 2487 635 2552 sed
662 2486 759 2552 etiam
780 2485 975 2572 diligentiae.
1018 2507 1094 2552 nem
1122 2491 1155 2552 et

190 2592 259 2638 non
280 2570 531 2654 intemperanter
545 2571 778 2656 concupiscere,
800 2569 887 2654 quod
907 2571 1088 2654 aplurimis
1108 2571 1153 2635 ri·

192 2655 281 2739 deas,
312 2653 508 2752 continentis
536 2652 630 2719 debet
663 2654 768 2752 duci,
785 2653 954 2752 etpotiue
971 2654 1154 2752 'diligentia

161 2741 419 2921 rusus
429 2759 658 2920 umere
671 2737 1154 2921 ‚retrusurus

191 2926 360 3055 lidii?
381 2904 1155 3088 ttttlffmrffirtttitttfflrl:

161 3077 276 3140 otram
296 3075 421 3157 partem
443 3074 584 3157 consp1oi
605 3077 723 3172 posset
759 3095 818 3140 neo
832 3074 1023 3159 praeteribo,
1046 3078 1154 3158 quem*-

193 3179 290 3243 quam
310 3157 476 3222 nonnullis
497 3158 569 3223 leve
583 3179 688 3223 ursum
701 3157 742 3222 iri
756 3161 878 3242 putem,
900 3178 974 3223 oum
995 3158 1154 3242 inprimis

191 3243 299 3307 lautus
321 3244 405 3306 esset
419 3261 515 3324 eques
529 3240 694 3307 Romanus
716 3246 749 3307 et
764 3263 832 3308 non
845 3264 960 3327 parum
980 3241 1155 3307 liberaliter

192 3325 323 3390 domum
354 3346 445 3390 suam
473 3325 617 3390 omnium
650 3326 798 3392 ordinum
825 3325 973 3391 homines
995 3325 1153 3408 invitaret,

192 3429 260 3473 non
282 3409 419 3493 amplius
441 3430 538 3494 quam
552 3411 651 3474 terna
671 3410 762 3476 milia
782 3431 941 3496 peraeque
962 3409 998 3473 in
1011 3408 1154 3493 singulos

192 3509 317 3557 menses
339 3513 378 3558 ex
400 3493 602 3576 ephemeride
623 3513 698 3562 eum
712 3515 887 3578 expensum
909 3493 1052 3577 sumptui
1072 3492 1154 3559 ferre
