2590 3946
185 229 208 293 8
452 239 491 290 ιι.
520 237 793 289 rnuursuocuns.
816 235 839 285 ι.
859 237 886 286 s.

188 379 258 443 eius
272 375 410 443 Neocles

188 461 269 528 siam
299 461 402 526 civem
429 393 535 543 duxit,
565 479 605 523 ex
634 479 698 542 qua
717 461 813 523 nutris
841 461 890 523 est
909 457 1149 524 Themistocles.

189 547 341 644 quicum
362 544 470 609 minus
496 546 580 610 esset
606 543 759 688 probatus
784 542 984 627 parentrbus,
1011 542 1097 627 quod
1119 546 1152 608 et

189 630 322 694 liberius
336 629 466 694 vivebat
480 631 513 694 et
526 647 594 691 rem
622 626 798 690 ιιιιιίΙὶιιιοηι
812 627 1013 713 neglegebat,
1027 630 1151 711 epatre

459 395 610 441 enerosus
630 374 703 439 luit.
746 373 928 439 isuxorem
949 372 1150 440 Halicarnas-
1285 425 1286 432 ,

159 726 176 777 3
192 713 401 778 exheredatus
416 715 473 778 est.
502 731 583 793 quae
596 709 790 775 contumelia
802 730 871 775 non
885 711 983 796 fregit
996 732 1079 794 eum,
1095 709 1152 776 sed
1283 695 1286 718 ‘

191 799 301 864 erexit.
330 817 406 862 nam
421 816 493 861 cum
508 795 678 859 iudicasset
692 794 761 859 sine
775 815 900 860 summa
912 795 1070 860 industria
1082 815 1151 860 non

213 901 284 947 osse
308 901 379 946 eam
401 879 577 964 exstingui,
606 880 711 943 totum
730 897 765 943 se
787 877 907 942 dedidit
926 880 974 944 rei
1018 879 1151 962 ublicae,

189 903 377 1062 diligentius
406 963 517 1028 amieis
546 960 714 1045 famaeque
746 961 897 1026 serviens.
950 984 983 1026 m
1018 967 1088 1028 tum
1117 963 1152 1028 iu

190 1048 317 1114 iudiciis
337 1047 472 1132 privatis
493 1046 693 1129 versabatur,
719 1065 812 1129 saepe
833 1046 869 1109 in
890 1046 1075 1111 contionem
1096 1068 1153 1131 po·

190 1133 260 1218 puli
285 1131 451 1216 prodibat3
483 1129 573 1196 nulla
591 1151 642 1194 res
667 1129 769 1194 maior
796 1128 865 1194 sine
897 1150 934 1193 eo
990 1130 1152 1214 erebatur,

191 1216 337 1283 celeriter
363 1235 444 1300 quae
472 1235 552 1299 opus
575 1217 668 1278 erant
692 1213 886 1298 reperiebat,
919 1149 1013 1278 faede
1041 1213 1152 1278 eadem

160 1301 339 1367 torahone
360 1299 547 1383 explicabat
590 1317 695 1381 neque
715 1297 822 1362 minus
844 1297 879 1361 in
895 1297 991 1362 rebus
1004 1297 1153 1382 gerendis

191 1387 360 1469 promptus
374 1404 468 1466 quam
484 1402 561 1447 exeo
587 1380 703 1446 'andis
718 1383 786 1445 erat
817 1380 904 1465 quod
925 1384 958 1445 ct
979 1381 1017 1444 de
1031 1381 1153 1446 instem

190 1468 293 1565 tibus,
315 1470 352 1533 ut
372 1467 419 1531 ait
439 1401 657 1551 muryddes,
679 1429 842 1530 verissime
868 1464 1030 1530 iudicabat
1056 1469 1090 1530 et
1113 1465 1153 1530 de

190 1551 309 1616 fotuns
341 1549 542 1616 callidissime
565 1549 752 1615 coniciebat.
806 1569 870 1632 quo
892 1548 1013 1614 factum
1040 1553 1089 1614 est
1116 1553 1154 1615 ut
1182 1554 1185 1562 '
1288 1579 1289 1652 j

193 1636 283 1702 brevi
304 1638 448 1719 tempore
469 1634 691 1700 illustraretur.

153 1718 177 1785 2
277 1719 404 1784 Primus
418 1721 526 1782 autem
542 1717 659 1802 gradum
673 1715 737 1781 luit
756 1716 967 1800 capessendae
988 1718 1035 1782 rei
1049 1718 1153 1802 publi·

192 1823 248 1869 cae
279 1802 366 1873 bello
388 1800 582 1885 Corcyraeo:
614 1799 654 1864 ad
675 1797 762 1883 quod
788 1800 963 1886 gerendum
983 1805 1113 1886 praetor
1134 1823 1154 1866 a

192 1885 313 1986 populo
327 1884 431 1950 factus
451 1905 519 1950 non
534 1883 639 1949 solum
659 1885 819 1969 praesenti
846 1885 948 1969 bello,
974 1885 1030 1949 sed
1057 1886 1153 1951 etiem
1288 1955 1290 1988 ,

162 1970 316 2053 rrequuo
338 1972 482 2053 tempore
503 1967 692 2034 ferociorem
712 1968 850 2033 reddidit
870 1969 1041 2036 civitatem.
1078 1989 1153 2034 narn

193 2072 266 2120 cum
286 2053 423 2137 pecunia
443 2051 586 2136 publiea,
612 2072 694 2135 quae
719 2072 759 2116 ex
778 2052 917 2116 metallis
937 2053 1071 2135 redibat,
1093 2053 1153 2118 lar-

193 2136 316 2224 gitione
416 2136 582 2201 'stratuum
611 2135 785 2218 quotannis
811 2136 971 2218 interiret,
999 2135 1054 2200 ille
1083 2155 1153 2233 per·

193 2220 294 2286 suasit
314 2239 379 2303 pop
416 2239 435 2285 o
464 2221 502 2283 ut
522 2239 561 2284 ea
580 2217 717 2302 pecunia
743 2217 851 2283 classis
872 2222 1000 2284 centum
1021 2239 1153 2284 nanum

163 2303 423 2370 aeedificeretur.
476 2323 540 2386 qua
570 2301 715 2367 celeriter
736 2299 849 2367 effecta
874 2303 1013 2387 primum
1037 2302 1153 2370 Ocre-

193 2407 286 2453 raeoe
301 2385 408 2472 fregit,
430 2384 544 2452 deinde
558 2385 735 2451 maritimos
748 2386 926 2469 praedones
940 2323 1153 2454 consectando

194 2491 283 2538 mare
302 2473 411 2537 tutum
431 2469 578 2535 reddidit
627 2469 662 2535 in
689 2488 753 2553 quo
775 2490 848 2535 eum
874 2467 994 2536 divitiis
1016 2471 1153 2556 ornavit,

194 2559 265 2622 tum
280 2555 377 2620 etiam
390 2554 601 2639 peritissimos
610 2551 689 2619 belli
704 2553 829 2619 navalis
843 2554 920 2620 feeit
929 2554 1152 2621 Athenienses.

164 2636 229 2703 eid
258 2642 396 2723 quantae
424 2638 521 2704 saluti
548 2637 648 2703 tuerit
674 2637 842 2703 universae
870 2637 1035 2722 Graeciae,
1068 2639 1154 2704 bello

195 2723 362 2806 cognitum
380 2725 429 2788 est
448 2722 587 2788 Persico.
632 2741 709 2786 uam
730 2741 803 2786 cum
824 2717 945 2786 Xerxes
967 2723 1101 2786 otmari
1122 2726 1156 2788 et

194 2809 281 2872 terra
301 2805 421 2871 bellum
448 2806 616 2870 universae
637 2803 773 2869 inferret
791 2803 940 2888 Europae
962 2825 1035 2870 cum
1055 2808 1155 2872 tantis

195 2889 312 2973 copiis,
339 2892 474 2973 quantas
495 2909 601 2974 neque
622 2891 696 2953 ante
717 2907 778 2953 nec
804 2891 917 2972 postea
937 2888 1051 2953 habuit
1071 2889 1156 2974 quis·

164 2983 308 3057 equam:
334 2972 430 3039 huius
457 2973 544 3038 enim
570 2972 678 3037 classis
704 2971 793 3037 mille
814 2975 848 3037 et
872 2971 1080 3038 ducentarum
1099 2993 1156 3039 na·

194 3056 283 3122 vium
310 3056 482 3142 longarum
508 3055 586 3138 luit,
614 3076 711 3140 quam
738 3054 912 3120 duomilia
938 3058 1155 3122 onerariarum

195 3141 426 3223 sequebantur,
446 3139 606 3206 terrestris
627 3142 735 3204 autem
749 3139 906 3204 exereitus
920 3155 988 3204 nco
1002 3141 1156 3225 peditum,

165 3223 341 3308 aequitum
365 3238 450 3289 cccc
478 3223 569 3288 milia
594 3221 740 3288 bremmt:
767 3259 810 3272 -
830 3223 920 3290 cuius
947 3221 986 3288 de
1017 3223 1156 3289 adventu

193 3327 267 3374 cum
298 3307 386 3373 fama
416 3308 452 3374 in
485 3307 652 3374 Graeciam
683 3309 767 3373 esset
797 3306 922 3394 perlata
959 3311 992 3372 et
1019 3309 1157 3374 maxime

194 3392 409 3459 Athenienses
430 3391 498 3478 peti
519 3389 701 3457 dicerentur
726 3395 858 3478 propter
885 3410 1028 3478 pugnam
1054 3389 1157 3458 Mara·

194 3474 350 3563 thoniarn,
372 3477 530 3544 miserunt
550 3475 696 3562 Delphos
718 3477 915 3562 consultum,
938 3475 1090 3558 quidnam
1110 3477 1158 3542 fa·
