2606 3940
420 277 520 328 xs111.
558 277 750 325 naumann.
774 275 798 322 a.
821 273 846 326 r.
1071 263 1112 329 93

149 411 248 495 gessit
269 411 419 476 adversus
440 412 476 476 P.
500 411 682 495 Scipionem
682 462 703 510 θ,
725 412 827 508 filium
853 411 920 479 eius
943 410 1111 496 Scipionis,
1196 395 1230 498 „⁵

108 503 113 510 '
150 519 245 645 quem
259 496 328 579 ipse
350 497 454 579 primo
478 495 562 580 apud
583 495 785 578 Rhodanum,
808 499 924 559 iterum
946 495 1031 580 apud
1052 496 1112 561 Pa·

149 584 364 728 raath
377 579 1142 748 sublatissimaillatas:2

149 770 222 812 rum
242 748 363 813 bellum
389 770 593 832 samonem,
623 771 686 833 quo
715 749 873 813 valentior
925 752 1013 812 ostes
1039 769 1113 813 con-

150 831 345 917 graderetur.
379 833 415 897 in
430 772 624 917 coiloquium
639 833 806 898 convenit:
828 770 1031 897 condiciones
1045 853 1114 897 non

150 921 380 982 convenerunt.
435 922 509 1000 post
539 918 572 981 id
603 917 724 982 factum
752 917 862 1000 paucis
889 916 1000 981 diebus
1027 916 1143 1000 apude

151 1000 283 1064 Zamam
297 1021 370 1065 cum
381 1001 492 1065 eodem
502 1002 663 1067 conflixit:
678 1002 789 1085 pulsus
801 1000 1001 1086 (incredibile
1013 1001 1114 1080 dictu)

150 1082 250 1149 biduo
266 1087 299 1148 et
312 1085 433 1149 duabus
447 1086 596 1150 noctibus
607 1084 841 1151 Hadrumetum
856 1085 1012 1170 pervenit,
1028 1084 1114 1168 quod
1173 1141 1176 1148 ,

151 1169 243 1232 abest
269 1167 308 1232 ab
331 1167 429 1235 Zama
450 1171 575 1235 circiter
596 1170 686 1234 milia
733 1191 861 1235 casuum
882 1173 1034 1234 trecema.
1077 1169 1145 1232 inl

150 1252 212 1316 hac
239 1253 318 1341 fuga
337 1251 511 1336 Numidae,
540 1254 595 1338 qui
624 1191 819 1318 sincicum
841 1274 879 1318 eo
902 1275 941 1318 ex
968 1255 1035 1318 acie
1064 1273 1116 1317 ex·

152 1340 321 1418 cesserant,
343 1337 485 1401 insidiati
508 1341 584 1402 sunt
605 1338 651 1401 ei:
674 1358 753 1422 quos
775 1358 842 1402 non
864 1337 969 1402 solum
991 1337 1114 1422 effugit,

151 1419 208 1482 sed
241 1420 338 1484 etiam
365 1420 452 1504 ipsos
485 1422 653 1505 oppressit
707 1421 897 1486 Hadrumeti
929 1421 1070 1504 reliquos
1097 1441 1114 1483 e

151 1503 395 1652 fugqrcolqegit:
422 1505 515 1569 novis
538 1504 705 1570 dilectibus
726 1506 836 1588 paucis
864 1505 975 1570 diebus
996 1505 1115 1569 multos

153 1608 213 1651 con
246 1609 320 1652 axr.

238 1671 318 1736 Cum
350 1673 385 1736 in
414 1672 598 1756 apparando
630 1673 783 1738 acerrime
816 1675 899 1736 esset
930 1675 1149 1756 occupatus‚l

150 1753 437 1840 Karthaginienses
451 1757 572 1823 bellum
594 1778 666 1822 oum
686 1756 841 1822 Romanis
856 1759 1114 1840 composuerunt.

153 1840 207 1903 ille
229 1839 331 1903 nihilo
354 1840 456 1904 secius
478 1841 630 1905 exercitui
652 1845 764 1924 postea
783 1840 925 1924 praefuit
946 1860 1059 1924 resque
1080 1840 1115 1902 in

152 1921 265 1987 Africa
295 1922 393 2005 gessit
417 1922 573 2070 gtemque
599 1923 697 2007 Mago
719 1923 818 1988 frater
846 1923 924 2009 eius]
953 1922 1116 2006 usquead

151 2005 190 2070 P.
213 2003 389 2102 Sulpicium
443 2006 641 2072 .Aurelium
663 2007 819 2070 eonsules.
863 2006 914 2069 his
942 2007 1028 2070 enim
1049 2021 1145 2070 maa

150 2089 340 2174 gistrahbua
361 2088 460 2173 legati
481 2089 765 2172 Karthaginienses
787 2088 924 2153 Romam
948 2093 1107 2154 venerunt

155 2173 211 2256 qui
232 2173 357 2271 sanatui
371 2173 555 2270 populoque
569 2172 715 2237 Romano
731 2173 851 2257 gratias
865 2177 1007 2258 agerent,
1030 2140 1117 2257 quod

151 2258 700 2424 sila¹¹{0ltshhltlt1sl
726 2278 963 2423 {illitati
991 2278 1117 2405 tls}

153 2444 265 2488 eorum
286 2422 441 2510 Fregellis
469 2427 575 2488 essent
595 2424 776 2507 captivique
805 2423 1021 2488 redderentur.
1063 2425 1146 2490 hiae

150 2529 194 2571 ex
218 2511 347 2572 senatus
375 2508 521 2572 consulto
548 2529 737 2590 responsum
766 2510 828 2572 est:
861 2528 977 2572 munus
1006 2528 1116 2572 eorum

153 2594 282 2676 gratum
304 2595 531 2675 acceptumque
554 2612 637 2673 esse3
664 2591 804 2673 obsides,
833 2611 896 2673 quo
923 2592 995 2656 loco
1024 2611 1116 2676 roga·

153 2675 417 2824 ffiepqpq
438 2674 1117 2843 subsanneris’saulis

295 2809 304 2842 1
979 2808 989 2842 5

36 2907 40 2916 ,
156 2842 317 2908 cissimum
337 2843 463 2910 nomini
484 2841 641 2925 Romano,
664 2844 761 2907 etiam
782 2863 869 2907 nunc
891 2864 964 2908 cum
980 2843 1116 2926 imperio

152 2925 241 3007 apud
262 2928 434 2991 exercitum
456 2928 611 2992 haberent
631 2927 771 3010 itemquo
798 2928 931 2991 fratrom
959 2927 1026 2990 eius
1048 2925 1115 2990 Ma·

150 3029 282 3094 gonem
318 3009 380 3074 hoc
401 3033 554 3096 responso
569 3011 853 3096 Karthaginienses
875 3011 1006 3096 cognito
1027 3009 1147 3074 Han-c

155 3091 296 3156 nibalem
318 3093 448 3158 domum
474 3098 507 3160 et
532 3095 705 3180 Magonem
737 3098 937 3160 revocarunt.
990 3094 1054 3159 hue
1081 3099 1118 3160 ut

154 3175 260 3258 rediit,
281 3181 341 3239 rex'
359 3177 461 3242 factus
484 3183 541 3263 eat,
563 3184 734 3263 postquam
748 3182 884 3264 praetor·
893 3177 1007 3261 fuerat,
1030 3199 1116 3244 anno

153 3258 294 3325 secundo
317 3263 350 3324 et
371 3261 538 3325 vicesimo:
560 3267 597 3328 ut
619 3263 705 3327 enim
726 3261 847 3328 Romae
880 3263 1042 3345 eonsules,
1070 3263 1117 3326 sic

155 3343 355 3429 Karthagine
383 3346 555 3427 quotannis
584 3347 684 3410 annui
711 3347 780 3410 bini
801 3369 835 3412 re
859 3368 892 3410 es
914 3347 1114 3412 creabantur.

151 3430 191 3491 in
213 3449 250 3493 eo
272 3450 324 3493 ma
351 3427 461 3494 'stratu
488 3429 558 3512 pari
586 3429 752 3513 diligentia
779 3452 813 3495 se
867 3430 999 3496 annibal
1025 3439 1145 3513 prae-b

154 3512 242 3596 buit,
264 3530 300 3578 ae
337 3517 427 3579 uarat
452 3514 488 3578 in
508 3511 603 3578 bello.
647 3533 784 3597 ucraque
813 3513 931 3598 effecit,
959 3534 998 3579 ex
1022 3513 1116 3580 novis
