2606 3940
361 236 419 284 XV.
456 233 719 285 sammonnas.
740 231 766 283 2.
788 231 813 280 3.
1066 219 1108 288 5Ἰ

228 369 333 437 Natus
353 371 454 456 igitur
468 373 568 454 patre,
591 389 655 454 quo
670 369 818 452 diximus,
832 389 950 456 genere
963 369 1110 454 honesto,
1126 371 1146 436 2

141 455 344 552 pauperiem
366 477 386 520 a
407 455 583 520 maioribus
603 453 734 551 relictus
756 457 813 536 cst,
840 453 983 551 eruditus
1004 459 1111 520 autern

142 537 1112 721 suaratttuuuussfflmhu

142 728 288 791 qu1non
309 727 433 772 minore
455 706 519 770 furt
538 727 574 772 ιιι
595 727 725 774 musicis
747 705 851 792 glona
865 727 962 790 quam
982 704 1111 772 Damon

64 779 78 804 ⁸
142 796 198 857 aut
217 791 387 874 Lamprus,
409 812 545 874 quorum
567 790 756 876 pervulgata
777 793 853 856 sunt
873 791 1016 873 nomina,
1038 810 1110 856 cau·

141 882 211 941 tare
239 875 328 940 tibiis
354 875 396 940 ab
424 873 671 959 Olympiodoro,
703 874 818 940 saltare
846 897 866 939 a
892 873 1109 958 Calliphrone.

142 965 176 1025 at
203 959 428 1042 philosophiae
453 963 693 1043 praeceptorem
720 959 834 1024 habuit
854 958 965 1042 Lysim
992 957 1140 1024 Taren-a
1218 977 1221 984 ·

141 1045 264 1128 tinum,
291 1041 546 1129 Pythagoreum:
575 1044 628 1108 cni
655 1042 784 1126 quidem
811 1045 855 1107 sic
882 1043 947 1108 fuit
974 1043 1109 1128 deditus,

142 1132 179 1192 ut
207 1127 391 1193 adulescens
418 1127 545 1193 tristem
576 1148 614 1192 ac
646 1147 792 1192 severum
826 1147 934 1192 senem
962 1128 1111 1193 omnibus

142 1212 329 1296 aequalibus
351 1213 417 1277 suis
439 1213 475 1277 in
495 1211 715 1277 familiaritate
737 1212 973 1295 anteposuerit,
1005 1231 1110 1296 neque

141 1295 231 1380 prius
263 1317 337 1361 eum
370 1319 390 1360 a
416 1317 450 1360 se
483 1295 619 1380 dimisit,
647 1315 744 1378 quam
770 1295 806 1360 in
838 1294 992 1360 doctrinis
1017 1299 1110 1361 tanto

142 1381 313 1447 antecessit
345 1379 597 1464 condiscipulos,
629 1385 667 1443 ut
698 1378 792 1444 facile
824 1379 971 1464 intellegi
1002 1383 1111 1464 posset

141 1466 213 1549 pan'
240 1463 335 1530 modo
365 1465 591 1547 superaturum
625 1483 735 1527 omnes
768 1463 805 1527 ιιι
832 1463 946 1528 ceteris
978 1465 1109 1529 artibus.

143 1552 240 1631 atque
261 1549 342 1614 haec
364 1547 405 1612 ad
424 1550 570 1613 nostram
589 1545 853 1612 consuetudinem
874 1550 951 1611 sunt
970 1547 1055 1612 levia
1076 1551 1139 1612 eta
1206 1606 1209 1611 .

141 1632 252 1716 potius
281 1629 532 1697 contemnenda:
568 1633 603 1695 at
631 1631 668 1694 in
697 1628 846 1713 Graecia,
881 1630 993 1713 utique
1022 1629 1109 1713 olim,

142 1736 279 1801 magnae
300 1714 389 1781 laudi
404 1718 504 1781 erant
541 1718 712 1800 postquam
732 1714 873 1798 ephebus
888 1717 937 1778 est
956 1713 1062 1779 lactus
1077 1718 1140 1779 stt

166 1801 321 1866 alaestras
344 1800 418 1865 dare
441 1820 573 1884 operam
595 1799 715 1882 coepit,
751 1820 821 1864 non
851 1802 920 1863 tam
951 1797 1110 1896 magnitu-

142 1823 212 1949 lini
234 1884 352 1950 virium
373 1884 506 1949 servivit
527 1905 624 1965 quam
645 1882 823 1948 velocitati:
850 1882 940 1962 illam
962 1903 1049 1947 emm
1070 1883 1111 1947 ad

143 1968 338 2036 athletarum
365 1989 475 2050 usum,
496 1967 581 2031 hanc
602 1966 643 2036 ad
663 1965 741 2029 belli
768 1966 971 2030 existimabat
990 1965 1111 2031 utilite·

142 2060 209 2118 tem
241 2053 412 2137 pertinere.
467 2052 514 2116 ita
536 2071 577 2116 ue
604 2051 811 2116 exercebatur
839 2049 1015 2134 plurimum
1041 2070 1110 2114 our-

143 2136 244 2202 rendc
266 2141 298 2202 et
318 2136 470 2202 luctando
556 2156 629 2200 cum
642 2134 757 2217 finem,
784 2133 889 2217 quoad
916 2136 1005 2198 stans
1026 2154 1110 2200 com·

142 2221 240 2305 plecti
261 2225 370 2305 posset
391 2225 487 2304 atque
515 2218 717 2285 contendere.
766 2218 802 2282 ιιι
823 2218 920 2283 armis
941 2238 1017 2283 vero
1039 2219 1139 2303 plu-o

143 2305 261 2370 rimum
281 2305 379 2370 studii
400 2304 616 2370 consumebat.
1110 2328 1115 2336 ·

228 2387 281 2452 Ad
302 2388 385 2451 hanc
407 2389 551 2472 corporis
572 2388 757 2452 firmitatem
778 2386 872 2468 plura
893 2386 991 2451 etiam
1011 2387 1146 2452 animis

143 2474 231 2536 bona
245 2473 452 2536 accesserant.
490 2475 559 2536 orat
580 2471 667 2535 enim
680 2468 852 2552 modestus,
873 2468 1025 2553 prudens,
1038 2491 1110 2555 gra·

144 2554 209 2637 vis,
230 2554 429 2639 temporibus
450 2555 612 2637 sapienter
632 2557 741 2636 utens,
762 2553 885 2649 peritus
906 2552 994 2635 belli,
1013 2553 1109 2620 fortis

143 2659 256 2724 manu,
284 2640 391 2704 animo
420 2639 575 2721 maximo,
605 2637 684 2702 adeo
712 2634 857 2701 veritatis
889 2635 1042 2721 diligens,
1072 2641 1110 2703 nt

143 2745 185 2788 ne
199 2723 271 2788 ioco
287 2721 415 2806 quidem
435 2723 634 2788 mentiretur.
670 2719 755 2785 idem
769 2721 948 2805 continens,
970 2720 1138 2788 clementa

143 2808 332 2891 patiensque
354 2806 577 2872 admirandum
603 2806 639 2871 in
665 2803 811 2886 modum,
837 2825 907 2870 non
928 2805 1033 2871 solum
1053 2828 1110 2890 po·

144 2891 228 2974 puli,
251 2890 306 2956 sed
327 2892 424 2958 etiarn
445 2892 622 2958 amicorum
641 2889 749 2954 terens
770 2888 919 2973 iniurias,
941 2890 1109 2974 inprimis

144 2975 313 3040 commissa
334 2976 451 3061 celans,
473 2973 561 3059 quod
580 2973 741 3040 interdum
762 2994 832 3038 non
851 2973 958 3040 minus
979 2973 1110 3057 prodest

166 3080 241 3123 uam
257 3058 372 3124 diserte
387 3060 501 3143 dicere,
523 3059 683 3124 studiosus
698 3057 863 3123 audiendi:
886 3079 926 3123 ex
946 3057 1008 3122 hoc
1023 3058 1109 3122 enim

143 3081 296 3212 lacillms
318 3143 396 3207 disci
418 3143 642 3208 arbitrabatur.
683 3143 793 3240 itaque
814 3163 887 3208 cum
903 3142 939 3226 ιιι
953 3141 1137 3208 circulums

143 3228 298 3312 uenisset,
324 3227 359 3291 in
381 3248 445 3311 quo
467 3230 524 3292 sut
546 3226 585 3292 de
607 3247 641 3291 re
662 3226 793 3311 publica
814 3226 1031 3311 disputaretur
1052 3229 1109 3290 aut

144 3311 182 3376 de
196 3311 403 3396 philosophia
417 3332 521 3378 sermo
535 3311 718 3394 haberetur,
738 3331 917 3395 numquam
930 3310 1005 3375 inde
1018 3310 1107 3394 prius

144 3396 295 3482 discmsit,
318 3419 416 3481 qnam
437 3396 479 3462 ad
499 3397 597 3461 finem
611 3415 716 3462 sermo
731 3399 814 3460 essct
830 3394 994 3460 adductus.
1029 3405 1137 3476 pau-s

144 3485 299 3565 pertatem
326 3481 405 3548 adeo
432 3480 528 3548 facile
548 3499 718 3566 perpessus
733 3484 791 3560 ost,
812 3480 850 3542 ut
871 3477 910 3556 de
931 3475 1108 3561 republica
