<?xml version="1.0" encoding="UTF-8"?>
<!DOCTYPE html PUBLIC "-//W3C//DTD XHTML 1.0 Transitional//EN"
    "http://www.w3.org/TR/xhtml1/DTD/xhtml1-transitional.dtd">
<html xmlns="http://www.w3.org/1999/xhtml" xml:lang="en" lang="en">
 <head>
  <title>
</title>
<meta http-equiv="Content-Type" content="text/html;charset=utf-8" />
  <meta name='ocr-system' content='tesseract 3.04.00' />
  <meta name='ocr-capabilities' content='ocr_page ocr_carea ocr_par ocr_line ocrx_word'/>
</head>
<body>
  <div class='ocr_page' id='page_1' title='image "./vitae01nepogoog_0091.png"; bbox 0 0 2606 3940; ppageno 0'>
   <div class='ocr_carea' id='block_1_1' title="bbox 223 221 894 288">
    <p class='ocr_par' dir='ltr' id='par_1_1' title="bbox 223 221 894 288">
     <span class='ocr_line' id='line_1_1' title="bbox 223 221 894 288; baseline -0.018 0"><span class='ocrx_word' id='word_1_1' title='bbox 223 221 268 288; x_wconf 82' lang='lat'><strong>84</strong></span> <span class='ocrx_word' id='word_1_2' title='bbox 516 231 576 280; x_wconf 76' lang='lat' dir='ltr'><strong>xx.</strong></span> <span class='ocrx_word' id='word_1_3' title='bbox 607 229 797 278; x_wconf 82' lang='lat' dir='ltr'><strong>rmonnon.</strong></span> <span class='ocrx_word' id='word_1_4' title='bbox 819 223 894 276; x_wconf 63' lang='grc'><strong>2-4</strong></span> 
     </span>
    </p>
   </div>
   <div class='ocr_carea' id='block_1_2' title="bbox 124 365 1275 3560">
    <p class='ocr_par' dir='ltr' id='par_1_2' title="bbox 124 365 1275 3560">
     <span class='ocr_line' id='line_1_2' title="bbox 224 365 1194 450; baseline -0.006 -14"><span class='ocrx_word' id='word_1_5' title='bbox 224 373 348 437; x_wconf 82' lang='lat' dir='ltr'><strong>sionem</strong></span> <span class='ocrx_word' id='word_1_6' title='bbox 376 367 503 434; x_wconf 75' lang='lat' dir='ltr'><strong>Siciliae</strong></span> <span class='ocrx_word' id='word_1_7' title='bbox 530 367 692 431; x_wconf 80' lang='lat' dir='ltr'><strong>tenebant.</strong></span> <span class='ocrx_word' id='word_1_8' title='bbox 742 366 827 449; x_wconf 85' lang='lat' dir='ltr'><strong>cepit</strong></span> <span class='ocrx_word' id='word_1_9' title='bbox 859 365 955 429; x_wconf 80' lang='lat' dir='ltr'><strong>etiam</strong></span> <span class='ocrx_word' id='word_1_10' title='bbox 982 365 1194 450; x_wconf 77' lang='lat' dir='ltr'><strong>Mamercum,</strong></span> 
     </span>
     <span class='ocr_line' id='line_1_3' title="bbox 223 450 1194 600; baseline -0.006 -80"><span class='ocrx_word' id='word_1_11' title='bbox 223 455 372 520; x_wconf 73' lang='lat' dir='ltr'><strong>Italicum</strong></span> <span class='ocrx_word' id='word_1_12' title='bbox 394 453 532 600; x_wconf 60' lang='lat' dir='ltr'><strong>duceqqii</strong></span> <span class='ocrx_word' id='word_1_13' title='bbox 547 450 712 548; x_wconf 82' lang='lat' dir='ltr'><strong>hominem</strong></span> <span class='ocrx_word' id='word_1_14' title='bbox 728 450 927 548; x_wconf 34' lang='lat' dir='ltr'><strong>‘bellicosum</strong></span> <span class='ocrx_word' id='word_1_15' title='bbox 954 453 987 513; x_wconf 88' lang='lat' dir='ltr'><strong>et</strong></span> <span class='ocrx_word' id='word_1_16' title='bbox 1012 454 1194 534; x_wconf 86' lang='lat' dir='ltr'><strong>potentem,</strong></span> 
     </span>
     <span class='ocr_line' id='line_1_4' title="bbox 189 532 1195 715; baseline -0.002 -29"><span class='ocrx_word' id='word_1_17' title='bbox 189 626 198 648; x_wconf 90' lang='lat'><em>·</em></span> <span class='ocrx_word' id='word_1_18' title='bbox 225 561 281 622; x_wconf 65' lang='lat'>‘¹¹¹¹</span> <span class='ocrx_word' id='word_1_19' title='bbox 302 532 1195 715; x_wconf 50' lang='lat' dir='ltr'><strong>ldsslillesulwllssfliullllmpllllllllinsumite-</strong></span> 
     </span>
     <span class='ocr_line' id='line_1_5' title="bbox 225 701 1195 787; baseline -0.004 -16"><span class='ocrx_word' id='word_1_20' title='bbox 225 713 292 772; x_wconf 84' lang='lat' dir='ltr'><strong>tsm</strong></span> <span class='ocrx_word' id='word_1_21' title='bbox 312 705 390 769; x_wconf 89' lang='lat' dir='ltr'><strong>belli</strong></span> <span class='ocrx_word' id='word_1_22' title='bbox 411 725 479 770; x_wconf 88' lang='lat' dir='ltr'><strong>non</strong></span> <span class='ocrx_word' id='word_1_23' title='bbox 493 703 598 768; x_wconf 89' lang='lat' dir='ltr'><strong>solum</strong></span> <span class='ocrx_word' id='word_1_24' title='bbox 612 703 770 787; x_wconf 78' lang='lat' dir='ltr'>regiones,</span> <span class='ocrx_word' id='word_1_25' title='bbox 793 701 960 765; x_wconf 76' lang='lat' dir='ltr'><strong>sedetiam</strong></span> <span class='ocrx_word' id='word_1_26' title='bbox 976 702 1071 767; x_wconf 86' lang='lat' dir='ltr'><strong>urbes</strong></span> <span class='ocrx_word' id='word_1_27' title='bbox 1086 703 1195 767; x_wconf 85' lang='lat' dir='ltr'><strong>deser·</strong></span> 
     </span>
     <span class='ocr_line' id='line_1_6' title="bbox 225 785 1194 872; baseline -0.005 -16"><span class='ocrx_word' id='word_1_28' title='bbox 225 797 276 856; x_wconf 83' lang='lat' dir='ltr'><strong>tas</strong></span> <span class='ocrx_word' id='word_1_29' title='bbox 298 789 429 872; x_wconf 78' lang='lat' dir='ltr'><strong>videret,</strong></span> <span class='ocrx_word' id='word_1_30' title='bbox 453 787 647 871; x_wconf 76' lang='lat' dir='ltr'><strong>conquisivit</strong></span> <span class='ocrx_word' id='word_1_31' title='bbox 661 807 742 870; x_wconf 88' lang='lat' dir='ltr'><strong>quos</strong></span> <span class='ocrx_word' id='word_1_32' title='bbox 760 786 878 869; x_wconf 88' lang='lat' dir='ltr'><strong>potuit,</strong></span> <span class='ocrx_word' id='word_1_33' title='bbox 899 786 1039 869; x_wconf 85' lang='lat' dir='ltr'><strong>primum</strong></span> <span class='ocrx_word' id='word_1_34' title='bbox 1054 785 1194 871; x_wconf 83' lang='lat' dir='ltr'><strong>Siculos,</strong></span> 
     </span>
     <span class='ocr_line' id='line_1_7' title="bbox 227 869 1193 952; baseline -0.003 -14"><span class='ocrx_word' id='word_1_35' title='bbox 227 875 302 938; x_wconf 88' lang='lat' dir='ltr'><strong>dein</strong></span> <span class='ocrx_word' id='word_1_36' title='bbox 328 872 486 938; x_wconf 84' lang='lat' dir='ltr'><strong>Corintho</strong></span> <span class='ocrx_word' id='word_1_37' title='bbox 508 871 672 936; x_wconf 78' lang='lat' dir='ltr'><strong>arcessivit</strong></span> <span class='ocrx_word' id='word_1_38' title='bbox 693 870 834 952; x_wconf 86' lang='lat' dir='ltr'><strong>colonos,</strong></span> <span class='ocrx_word' id='word_1_39' title='bbox 857 869 944 952; x_wconf 90' lang='lat' dir='ltr'><strong>quod</strong></span> <span class='ocrx_word' id='word_1_40' title='bbox 965 871 1006 952; x_wconf 83' lang='lat' dir='ltr'><strong>sb</strong></span> <span class='ocrx_word' id='word_1_41' title='bbox 1027 870 1067 935; x_wconf 89' lang='lat' dir='ltr'><strong>iis</strong></span> <span class='ocrx_word' id='word_1_42' title='bbox 1094 872 1193 936; x_wconf 88' lang='lat' dir='ltr'><strong>initio</strong></span> 
     </span>
     <span class='ocr_line' id='line_1_8' title="bbox 195 947 1229 1042; baseline -0.002 -20"><span class='ocrx_word' id='word_1_43' title='bbox 195 972 212 1022; x_wconf 80' lang='lat'>2</span> <span class='ocrx_word' id='word_1_44' title='bbox 227 957 401 1042; x_wconf 75' lang='lat' dir='ltr'><strong>Syracusae</strong></span> <span class='ocrx_word' id='word_1_45' title='bbox 415 959 508 1028; x_wconf 82' lang='lat' dir='ltr'><strong>erent</strong></span> <span class='ocrx_word' id='word_1_46' title='bbox 522 954 678 1019; x_wconf 73' lang='lat' dir='ltr'><strong>conditae.</strong></span> <span class='ocrx_word' id='word_1_47' title='bbox 715 954 838 1019; x_wconf 82' lang='lat' dir='ltr'><strong>civibus</strong></span> <span class='ocrx_word' id='word_1_48' title='bbox 855 954 1015 1019; x_wconf 84' lang='lat' dir='ltr'><strong>veteribus</strong></span> <span class='ocrx_word' id='word_1_49' title='bbox 1029 976 1087 1019; x_wconf 85' lang='lat' dir='ltr'><strong>sue</strong></span> <span class='ocrx_word' id='word_1_50' title='bbox 1101 957 1194 1020; x_wconf 87' lang='lat' dir='ltr'><strong>resti·</strong></span> <span class='ocrx_word' id='word_1_51' title='bbox 1220 947 1229 962; x_wconf 83' lang='grc'><strong><em>’</em></strong></span> 
     </span>
     <span class='ocr_line' id='line_1_9' title="bbox 225 1037 1194 1123; baseline -0.001 -17"><span class='ocrx_word' id='word_1_52' title='bbox 225 1043 299 1123; x_wconf 83' lang='lat' dir='ltr'><strong>tuit,</strong></span> <span class='ocrx_word' id='word_1_53' title='bbox 320 1040 415 1105; x_wconf 84' lang='lat' dir='ltr'><strong>novis</strong></span> <span class='ocrx_word' id='word_1_54' title='bbox 435 1040 522 1104; x_wconf 88' lang='lat' dir='ltr'><strong>bello</strong></span> <span class='ocrx_word' id='word_1_55' title='bbox 544 1037 744 1103; x_wconf 75' lang='lat' dir='ltr'><strong>vacuefactus</strong></span> <span class='ocrx_word' id='word_1_56' title='bbox 765 1039 982 1123; x_wconf 85' lang='lat' dir='ltr'><strong>possessiones</strong></span> <span class='ocrx_word' id='word_1_57' title='bbox 1000 1038 1117 1122; x_wconf 78' lang='lat' dir='ltr'><strong>divisit,</strong></span> <span class='ocrx_word' id='word_1_58' title='bbox 1139 1063 1194 1105; x_wconf 88' lang='lat' dir='ltr'><strong>ur-</strong></span> 
     </span>
     <span class='ocr_line' id='line_1_10' title="bbox 226 1121 1194 1207; baseline 0 -17"><span class='ocrx_word' id='word_1_59' title='bbox 226 1125 317 1190; x_wconf 89' lang='lat' dir='ltr'><strong>bium</strong></span> <span class='ocrx_word' id='word_1_60' title='bbox 338 1125 466 1189; x_wconf 82' lang='lat' dir='ltr'><strong>moenis</strong></span> <span class='ocrx_word' id='word_1_61' title='bbox 487 1122 620 1188; x_wconf 69' lang='lat' dir='ltr'><strong>disiecta</strong></span> <span class='ocrx_word' id='word_1_62' title='bbox 639 1122 778 1207; x_wconf 82' lang='lat' dir='ltr'><strong>iensque</strong></span> <span class='ocrx_word' id='word_1_63' title='bbox 799 1121 924 1187; x_wconf 81' lang='lat' dir='ltr'><strong>deserte</strong></span> <span class='ocrx_word' id='word_1_64' title='bbox 937 1122 1059 1206; x_wconf 84' lang='lat' dir='ltr'><strong>refecit,</strong></span> <span class='ocrx_word' id='word_1_65' title='bbox 1081 1124 1194 1190; x_wconf 79' lang='lat' dir='ltr'><strong>civita·</strong></span> 
     </span>
     <span class='ocr_line' id='line_1_11' title="bbox 225 1205 1193 1294; baseline -0.002 -18"><span class='ocrx_word' id='word_1_66' title='bbox 225 1210 313 1276; x_wconf 83' lang='lat' dir='ltr'><strong>tibus</strong></span> <span class='ocrx_word' id='word_1_67' title='bbox 334 1209 422 1294; x_wconf 80' lang='lat' dir='ltr'><strong>leges</strong></span> <span class='ocrx_word' id='word_1_68' title='bbox 443 1208 687 1290; x_wconf 75' lang='lat' dir='ltr'><strong>libertatemque</strong></span> <span class='ocrx_word' id='word_1_69' title='bbox 707 1205 859 1271; x_wconf 84' lang='lat' dir='ltr'><strong>reddidit:</strong></span> <span class='ocrx_word' id='word_1_70' title='bbox 881 1227 921 1271; x_wconf 87' lang='lat' dir='ltr'><strong>ex</strong></span> <span class='ocrx_word' id='word_1_71' title='bbox 941 1208 1082 1271; x_wconf 74' lang='lat' dir='ltr'><strong>maximo</strong></span> <span class='ocrx_word' id='word_1_72' title='bbox 1104 1209 1193 1275; x_wconf 88' lang='lat' dir='ltr'><strong>bello</strong></span> 
     </span>
     <span class='ocr_line' id='line_1_12' title="bbox 225 1290 1193 1374; baseline 0 -15"><span class='ocrx_word' id='word_1_73' title='bbox 225 1296 352 1359; x_wconf 75' lang='lat' dir='ltr'><strong>tentum</strong></span> <span class='ocrx_word' id='word_1_74' title='bbox 374 1293 476 1356; x_wconf 87' lang='lat' dir='ltr'><strong>otium</strong></span> <span class='ocrx_word' id='word_1_75' title='bbox 497 1294 585 1355; x_wconf 80' lang='lat' dir='ltr'><strong>totas</strong></span> <span class='ocrx_word' id='word_1_76' title='bbox 606 1290 730 1355; x_wconf 85' lang='lat' dir='ltr'><strong>insulse</strong></span> <span class='ocrx_word' id='word_1_77' title='bbox 752 1290 950 1374; x_wconf 76' lang='lat' dir='ltr'><strong>conciliavit,</strong></span> <span class='ocrx_word' id='word_1_78' title='bbox 977 1295 1015 1356; x_wconf 88' lang='lat' dir='ltr'><strong>ut</strong></span> <span class='ocrx_word' id='word_1_79' title='bbox 1035 1293 1089 1356; x_wconf 88' lang='lat' dir='ltr'><strong>hic</strong></span> <span class='ocrx_word' id='word_1_80' title='bbox 1115 1314 1193 1359; x_wconf 90' lang='lat' dir='ltr'><strong>con·</strong></span> 
     </span>
     <span class='ocr_line' id='line_1_13' title="bbox 227 1374 1193 1460; baseline 0.002 -20"><span class='ocrx_word' id='word_1_81' title='bbox 227 1377 313 1443; x_wconf 83' lang='lat' dir='ltr'><strong>ditor</strong></span> <span class='ocrx_word' id='word_1_82' title='bbox 333 1376 461 1441; x_wconf 87' lang='lat' dir='ltr'><strong>urbium</strong></span> <span class='ocrx_word' id='word_1_83' title='bbox 483 1396 593 1439; x_wconf 83' lang='lat' dir='ltr'><strong>esrum</strong></span> <span class='ocrx_word' id='word_1_84' title='bbox 623 1394 692 1439; x_wconf 91' lang='lat' dir='ltr'><strong>non</strong></span> <span class='ocrx_word' id='word_1_85' title='bbox 712 1374 771 1460; x_wconf 89' lang='lat' dir='ltr'><strong>illi,</strong></span> <span class='ocrx_word' id='word_1_86' title='bbox 793 1375 849 1458; x_wconf 89' lang='lat' dir='ltr'><strong>qui</strong></span> <span class='ocrx_word' id='word_1_87' title='bbox 868 1375 962 1440; x_wconf 87' lang='lat' dir='ltr'><strong>initio</strong></span> <span class='ocrx_word' id='word_1_88' title='bbox 985 1375 1193 1460; x_wconf 82' lang='lat' dir='ltr'><strong>deduxerunt,</strong></span> 
     </span>
     <span class='ocr_line' id='line_1_14' title="bbox 196 1424 1192 1546; baseline 0.005 -25"><span class='ocrx_word' id='word_1_89' title='bbox 196 1459 398 1525; x_wconf 80' lang='lat' dir='ltr'><strong>svideretur.</strong></span> <span class='ocrx_word' id='word_1_90' title='bbox 442 1480 550 1524; x_wconf 71' lang='lat' dir='ltr'><strong>urcem</strong></span> <span class='ocrx_word' id='word_1_91' title='bbox 573 1424 602 1524; x_wconf 80' lang='lat' dir='ltr'><strong>S</strong></span> <span class='ocrx_word' id='word_1_92' title='bbox 671 1459 738 1524; x_wconf 83' lang='lat' dir='ltr'><strong>usis</strong></span> <span class='ocrx_word' id='word_1_93' title='bbox 765 1479 862 1542; x_wconf 85' lang='lat' dir='ltr'><strong>quem</strong></span> <span class='ocrx_word' id='word_1_94' title='bbox 888 1459 1048 1524; x_wconf 74' lang='lat' dir='ltr'><strong>munierat</strong></span> <span class='ocrx_word' id='word_1_95' title='bbox 1068 1460 1192 1546; x_wconf 89' lang='lat' dir='ltr'><strong>Diony·</strong></span> 
     </span>
     <span class='ocr_line' id='line_1_15' title="bbox 225 1543 1191 1630; baseline 0 -20"><span class='ocrx_word' id='word_1_96' title='bbox 225 1546 291 1610; x_wconf 85' lang='lat' dir='ltr'><strong>sius</strong></span> <span class='ocrx_word' id='word_1_97' title='bbox 318 1544 359 1609; x_wconf 82' lang='lat' dir='ltr'><strong>sd</strong></span> <span class='ocrx_word' id='word_1_98' title='bbox 385 1545 497 1609; x_wconf 86' lang='lat' dir='ltr'><strong>urbem</strong></span> <span class='ocrx_word' id='word_1_99' title='bbox 520 1543 589 1608; x_wconf 88' lang='lat' dir='ltr'><strong>obsi</strong></span> <span class='ocrx_word' id='word_1_100' title='bbox 611 1543 742 1625; x_wconf 80' lang='lat' dir='ltr'><strong>endem,</strong></span> <span class='ocrx_word' id='word_1_101' title='bbox 770 1565 790 1608; x_wconf 83' lang='lat' dir='ltr'><strong>s</strong></span> <span class='ocrx_word' id='word_1_102' title='bbox 817 1543 1034 1609; x_wconf 71' lang='lat' dir='ltr'><strong>fundamentis</strong></span> <span class='ocrx_word' id='word_1_103' title='bbox 1056 1543 1191 1630; x_wconf 87' lang='lat' dir='ltr'><strong>disiecit,</strong></span> 
     </span>
     <span class='ocr_line' id='line_1_16' title="bbox 226 1626 1192 1712; baseline 0 -18"><span class='ocrx_word' id='word_1_104' title='bbox 226 1632 332 1694; x_wconf 78' lang='lat' dir='ltr'><strong>cetere</strong></span> <span class='ocrx_word' id='word_1_105' title='bbox 352 1627 532 1711; x_wconf 76' lang='lat' dir='ltr'><strong>tyrannidis</strong></span> <span class='ocrx_word' id='word_1_106' title='bbox 559 1626 801 1712; x_wconf 78' lang='lat' dir='ltr'><strong>propugnacula</strong></span> <span class='ocrx_word' id='word_1_107' title='bbox 823 1627 992 1708; x_wconf 79' lang='lat' dir='ltr'><strong>demolitus</strong></span> <span class='ocrx_word' id='word_1_108' title='bbox 1014 1633 1063 1694; x_wconf 86' lang='lat' dir='ltr'><strong>cet</strong></span> <span class='ocrx_word' id='word_1_109' title='bbox 1090 1629 1192 1694; x_wconf 86' lang='lat' dir='ltr'><strong>dedit·</strong></span> 
     </span>
     <span class='ocr_line' id='line_1_17' title="bbox 197 1711 1191 1879; baseline 0.006 -22"><span class='ocrx_word' id='word_1_110' title='bbox 197 1715 528 1860; x_wconf 46' lang='lat' dir='ltr'><strong>tuterunt</strong></span> <span class='ocrx_word' id='word_1_111' title='bbox 551 1731 652 1859; x_wconf 59' lang='grc' dir='ltr'>Ἢ</span> <span class='ocrx_word' id='word_1_112' title='bbox 672 1711 1191 1879; x_wconf 51' lang='lat' dir='ltr'><strong>mittunt</strong></span> 
     </span>
     <span class='ocr_line' id='line_1_18' title="bbox 124 1846 1190 1964; baseline 0.003 -20"><span class='ocrx_word' id='word_1_113' title='bbox 124 1881 126 1886; x_wconf 82' lang='lat'>&#39;</span> <span class='ocrx_word' id='word_1_114' title='bbox 225 1879 338 1944; x_wconf 81' lang='lat' dir='ltr'><strong>invitis</strong></span> <span class='ocrx_word' id='word_1_115' title='bbox 360 1879 516 1964; x_wconf 81' lang='lat' dir='ltr'><strong>imperare</strong></span> <span class='ocrx_word' id='word_1_116' title='bbox 537 1882 661 1962; x_wconf 87' lang='lat' dir='ltr'><strong>posset,</strong></span> <span class='ocrx_word' id='word_1_117' title='bbox 688 1882 815 1943; x_wconf 81' lang='lat' dir='ltr'><strong>tentum</strong></span> <span class='ocrx_word' id='word_1_118' title='bbox 836 1883 943 1944; x_wconf 85' lang='lat' dir='ltr'><strong>sutem</strong></span> <span class='ocrx_word' id='word_1_119' title='bbox 972 1846 1113 1946; x_wconf 79' lang='lat' dir='ltr'><strong>snlorem</strong></span> <span class='ocrx_word' id='word_1_120' title='bbox 1134 1884 1190 1947; x_wconf 83' lang='lat' dir='ltr'><strong>hs-</strong></span> 
     </span>
     <span class='ocr_line' id='line_1_19' title="bbox 224 1961 1190 2050; baseline 0.003 -22"><span class='ocrx_word' id='word_1_121' title='bbox 224 1964 317 2029; x_wconf 87' lang='lat' dir='ltr'><strong>bsret</strong></span> <span class='ocrx_word' id='word_1_122' title='bbox 339 1963 483 2029; x_wconf 85' lang='lat' dir='ltr'><strong>emnium</strong></span> <span class='ocrx_word' id='word_1_123' title='bbox 501 1961 692 2046; x_wconf 89' lang='lat' dir='ltr'><strong>Siculorum,</strong></span> <span class='ocrx_word' id='word_1_124' title='bbox 713 1966 750 2027; x_wconf 88' lang='lat' dir='ltr'><strong>ut</strong></span> <span class='ocrx_word' id='word_1_125' title='bbox 763 1963 851 2027; x_wconf 88' lang='lat' dir='ltr'><strong>nullo</strong></span> <span class='ocrx_word' id='word_1_126' title='bbox 866 1968 1033 2030; x_wconf 70' lang='lat' dir='ltr'><strong>recusante</strong></span> <span class='ocrx_word' id='word_1_127' title='bbox 1053 1985 1190 2050; x_wconf 80' lang='lat' dir='ltr'><strong>mgnum</strong></span> 
     </span>
     <span class='ocr_line' id='line_1_20' title="bbox 226 2045 1190 2193; baseline 0.004 -81"><span class='ocrx_word' id='word_1_128' title='bbox 226 2048 382 2130; x_wconf 86' lang='lat' dir='ltr'><strong>obtinere,</strong></span> <span class='ocrx_word' id='word_1_129' title='bbox 402 2047 517 2134; x_wconf 75' lang='lat' dir='ltr'><strong>meluit</strong></span> <span class='ocrx_word' id='word_1_130' title='bbox 538 2067 572 2110; x_wconf 85' lang='lat' dir='ltr'><strong>se</strong></span> <span class='ocrx_word' id='word_1_131' title='bbox 594 2045 685 2131; x_wconf 86' lang='lat' dir='ltr'><strong>diligi</strong></span> <span class='ocrx_word' id='word_1_132' title='bbox 707 2068 804 2193; x_wconf 81' lang='lat' dir='ltr'><strong>quem</strong></span> <span class='ocrx_word' id='word_1_133' title='bbox 824 2049 933 2112; x_wconf 88' lang='lat' dir='ltr'><strong>metui.</strong></span> <span class='ocrx_word' id='word_1_134' title='bbox 977 2048 1101 2132; x_wconf 76' lang='lat' dir='ltr'><strong>itaque,</strong></span> <span class='ocrx_word' id='word_1_135' title='bbox 1116 2069 1190 2116; x_wconf 86' lang='lat' dir='ltr'><strong>enm</strong></span> 
     </span>
     <span class='ocr_line' id='line_1_21' title="bbox 225 2131 1189 2218; baseline 0.004 -23"><span class='ocrx_word' id='word_1_136' title='bbox 225 2132 364 2214; x_wconf 87' lang='lat' dir='ltr'><strong>primum</strong></span> <span class='ocrx_word' id='word_1_137' title='bbox 386 2133 503 2214; x_wconf 86' lang='lat' dir='ltr'><strong>potuit,</strong></span> <span class='ocrx_word' id='word_1_138' title='bbox 524 2131 694 2214; x_wconf 86' lang='lat' dir='ltr'><strong>imperium</strong></span> <span class='ocrx_word' id='word_1_139' title='bbox 732 2131 859 2214; x_wconf 86' lang='lat' dir='ltr'><strong>eposuit</strong></span> <span class='ocrx_word' id='word_1_140' title='bbox 879 2152 916 2196; x_wconf 83' lang='lat' dir='ltr'><strong>ec</strong></span> <span class='ocrx_word' id='word_1_141' title='bbox 937 2133 1081 2215; x_wconf 80' lang='lat' dir='ltr'><strong>privatus</strong></span> <span class='ocrx_word' id='word_1_142' title='bbox 1096 2132 1189 2218; x_wconf 68' lang='lat' dir='ltr'><strong>Syre⁴</strong></span> 
     </span>
     <span class='ocr_line' id='line_1_22' title="bbox 196 2213 1188 2300; baseline 0.009 -26"><span class='ocrx_word' id='word_1_143' title='bbox 196 2215 327 2298; x_wconf 76' lang='lat' dir='ltr'><strong>censis,</strong></span> <span class='ocrx_word' id='word_1_144' title='bbox 355 2214 439 2296; x_wconf 87' lang='lat' dir='ltr'><strong>quod</strong></span> <span class='ocrx_word' id='word_1_145' title='bbox 466 2213 626 2296; x_wconf 89' lang='lat' dir='ltr'><strong>reliquum</strong></span> <span class='ocrx_word' id='word_1_146' title='bbox 647 2214 732 2278; x_wconf 81' lang='lat' dir='ltr'><strong>vitae</strong></span> <span class='ocrx_word' id='word_1_147' title='bbox 753 2214 831 2298; x_wconf 81' lang='lat' dir='ltr'><strong>fuit,</strong></span> <span class='ocrx_word' id='word_1_148' title='bbox 853 2215 942 2280; x_wconf 84' lang='lat' dir='ltr'><strong>vixit.</strong></span> <span class='ocrx_word' id='word_1_149' title='bbox 985 2237 1090 2300; x_wconf 85' lang='lat' dir='ltr'><strong>neque</strong></span> <span class='ocrx_word' id='word_1_150' title='bbox 1111 2239 1188 2284; x_wconf 83' lang='lat' dir='ltr'><strong>vero</strong></span> 
     </span>
     <span class='ocr_line' id='line_1_23' title="bbox 224 2296 1188 2385; baseline 0.006 -23"><span class='ocrx_word' id='word_1_151' title='bbox 224 2298 259 2362; x_wconf 90' lang='lat' dir='ltr'><strong>id</strong></span> <span class='ocrx_word' id='word_1_152' title='bbox 288 2299 435 2382; x_wconf 84' lang='lat' dir='ltr'><strong>imperite</strong></span> <span class='ocrx_word' id='word_1_153' title='bbox 461 2296 553 2362; x_wconf 84' lang='lat' dir='ltr'><strong>tecit:</strong></span> <span class='ocrx_word' id='word_1_154' title='bbox 586 2318 662 2362; x_wconf 80' lang='lat' dir='ltr'><strong>nem</strong></span> <span class='ocrx_word' id='word_1_155' title='bbox 694 2298 780 2380; x_wconf 91' lang='lat' dir='ltr'><strong>quod</strong></span> <span class='ocrx_word' id='word_1_156' title='bbox 812 2300 910 2363; x_wconf 85' lang='lat' dir='ltr'><strong>ceteri</strong></span> <span class='ocrx_word' id='word_1_157' title='bbox 936 2301 1025 2382; x_wconf 77' lang='lat' dir='ltr'><strong>iuges</strong></span> <span class='ocrx_word' id='word_1_158' title='bbox 1052 2301 1188 2385; x_wconf 80' lang='lat' dir='ltr'><strong>imperio</strong></span> 
     </span>
     <span class='ocr_line' id='line_1_24' title="bbox 248 2381 1189 2464; baseline 0.006 -18"><span class='ocrx_word' id='word_1_159' title='bbox 248 2385 416 2464; x_wconf 85' lang='lat' dir='ltr'><strong>otuerunt,</strong></span> <span class='ocrx_word' id='word_1_160' title='bbox 449 2381 502 2446; x_wconf 89' lang='lat' dir='ltr'><strong>hic</strong></span> <span class='ocrx_word' id='word_1_161' title='bbox 528 2381 753 2446; x_wconf 80' lang='lat' dir='ltr'><strong>benevolentis</strong></span> <span class='ocrx_word' id='word_1_162' title='bbox 781 2383 895 2447; x_wconf 86' lang='lat' dir='ltr'><strong>tenuit.</strong></span> <span class='ocrx_word' id='word_1_163' title='bbox 949 2384 1058 2450; x_wconf 87' lang='lat' dir='ltr'><strong>nullus</strong></span> <span class='ocrx_word' id='word_1_164' title='bbox 1084 2385 1189 2452; x_wconf 88' lang='lat' dir='ltr'><strong>honos</strong></span> 
     </span>
     <span class='ocr_line' id='line_1_25' title="bbox 224 2403 1189 2551; baseline 0.006 -21"><span class='ocrx_word' id='word_1_165' title='bbox 224 2403 301 2530; x_wconf 70' lang='lat' dir='ltr'><strong>luic</strong></span> <span class='ocrx_word' id='word_1_166' title='bbox 328 2465 579 2549; x_wconf 71' lang='lat' dir='ltr'><strong>defuit,›neque</strong></span> <span class='ocrx_word' id='word_1_167' title='bbox 605 2468 717 2548; x_wconf 82' lang='lat' dir='ltr'><strong>postes</strong></span> <span class='ocrx_word' id='word_1_168' title='bbox 742 2485 793 2530; x_wconf 84' lang='lat' dir='ltr'><strong>res</strong></span> <span class='ocrx_word' id='word_1_169' title='bbox 820 2465 887 2531; x_wconf 79' lang='lat' dir='ltr'><strong>ulls</strong></span> <span class='ocrx_word' id='word_1_170' title='bbox 913 2465 1077 2551; x_wconf 72' lang='lat' dir='ltr'><strong>Syracusis</strong></span> <span class='ocrx_word' id='word_1_171' title='bbox 1121 2474 1189 2537; x_wconf 83' lang='lat' dir='ltr'><strong>ests</strong></span> 
     </span>
     <span class='ocr_line' id='line_1_26' title="bbox 226 2549 1187 2635; baseline 0.006 -21"><span class='ocrx_word' id='word_1_172' title='bbox 226 2555 276 2616; x_wconf 83' lang='lat' dir='ltr'><strong>eet</strong></span> <span class='ocrx_word' id='word_1_173' title='bbox 296 2549 424 2634; x_wconf 85' lang='lat' dir='ltr'><strong>publice</strong></span> <span class='ocrx_word' id='word_1_174' title='bbox 430 2598 441 2632; x_wconf 82' lang='lat'><em>,</em></span> <span class='ocrx_word' id='word_1_175' title='bbox 462 2549 502 2613; x_wconf 93' lang='lat' dir='ltr'><strong>de</strong></span> <span class='ocrx_word' id='word_1_176' title='bbox 523 2569 588 2632; x_wconf 84' lang='lat' dir='ltr'><strong>qus</strong></span> <span class='ocrx_word' id='word_1_177' title='bbox 607 2549 697 2632; x_wconf 86' lang='lat' dir='ltr'><strong>prius</strong></span> <span class='ocrx_word' id='word_1_178' title='bbox 719 2549 761 2614; x_wconf 87' lang='lat' dir='ltr'><strong>sit</strong></span> <span class='ocrx_word' id='word_1_179' title='bbox 782 2549 942 2615; x_wconf 87' lang='lat' dir='ltr'><strong>decretum</strong></span> <span class='ocrx_word' id='word_1_180' title='bbox 964 2573 1060 2635; x_wconf 80' lang='lat' dir='ltr'><strong>quem</strong></span> <span class='ocrx_word' id='word_1_181' title='bbox 1155 2575 1187 2620; x_wconf 90' lang='grc' dir='ltr'><strong>ο-</strong></span> 
     </span>
     <span class='ocr_line' id='line_1_27' title="bbox 196 2632 1188 2717; baseline 0.01 -23"><span class='ocrx_word' id='word_1_182' title='bbox 196 2643 212 2693; x_wconf 83' lang='lat' dir='ltr'><strong>c</strong></span> <span class='ocrx_word' id='word_1_183' title='bbox 226 2633 345 2712; x_wconf 80' lang='lat' dir='ltr'><strong>leontis</strong></span> <span class='ocrx_word' id='word_1_184' title='bbox 367 2633 527 2698; x_wconf 80' lang='lat' dir='ltr'><strong>sententis</strong></span> <span class='ocrx_word' id='word_1_185' title='bbox 541 2632 680 2717; x_wconf 76' lang='lat' dir='ltr'><strong>cognite.</strong></span> <span class='ocrx_word' id='word_1_186' title='bbox 716 2633 837 2698; x_wconf 89' lang='lat' dir='ltr'><strong>nullius</strong></span> <span class='ocrx_word' id='word_1_187' title='bbox 852 2642 1004 2717; x_wconf 80' lang='lat' dir='ltr'><strong>umquem</strong></span> <span class='ocrx_word' id='word_1_188' title='bbox 1019 2637 1188 2704; x_wconf 88' lang='lat' dir='ltr'><strong>consilium</strong></span> 
     </span>
     <span class='ocr_line' id='line_1_28' title="bbox 225 2716 1187 2804; baseline 0.005 -22"><span class='ocrx_word' id='word_1_189' title='bbox 225 2736 294 2782; x_wconf 90' lang='lat' dir='ltr'><strong>non</strong></span> <span class='ocrx_word' id='word_1_190' title='bbox 325 2717 419 2781; x_wconf 86' lang='lat' dir='ltr'><strong>modo</strong></span> <span class='ocrx_word' id='word_1_191' title='bbox 447 2716 640 2799; x_wconf 73' lang='lat' dir='ltr'><strong>antelatum,</strong></span> <span class='ocrx_word' id='word_1_192' title='bbox 667 2716 723 2781; x_wconf 83' lang='lat' dir='ltr'><strong>sed</strong></span> <span class='ocrx_word' id='word_1_193' title='bbox 749 2737 791 2782; x_wconf 87' lang='lat' dir='ltr'><strong>ne</strong></span> <span class='ocrx_word' id='word_1_194' title='bbox 814 2723 1032 2802; x_wconf 75' lang='lat' dir='ltr'><strong>comparatum</strong></span> <span class='ocrx_word' id='word_1_195' title='bbox 1059 2721 1187 2804; x_wconf 92' lang='lat' dir='ltr'><strong>quidem</strong></span> 
     </span>
     <span class='ocr_line' id='line_1_29' title="bbox 226 2801 1187 2899; baseline 0.006 -34"><span class='ocrx_word' id='word_1_196' title='bbox 226 2804 284 2865; x_wconf 86' lang='lat' dir='ltr'><strong>cst.</strong></span> <span class='ocrx_word' id='word_1_197' title='bbox 327 2821 432 2884; x_wconf 77' lang='lat' dir='ltr'><strong>nsque</strong></span> <span class='ocrx_word' id='word_1_198' title='bbox 459 2801 493 2899; x_wconf 84' lang='lat' dir='ltr'><strong>id</strong></span> <span class='ocrx_word' id='word_1_199' title='bbox 520 2801 623 2885; x_wconf 82' lang='lat' dir='ltr'><strong>magis</strong></span> <span class='ocrx_word' id='word_1_200' title='bbox 650 2801 718 2864; x_wconf 75' lang='lat' dir='ltr'><strong>eius</strong></span> <span class='ocrx_word' id='word_1_201' title='bbox 740 2802 966 2868; x_wconf 80' lang='lat' dir='ltr'><strong>benevolentis</strong></span> <span class='ocrx_word' id='word_1_202' title='bbox 992 2803 1113 2869; x_wconf 83' lang='lat' dir='ltr'><strong>tectum</strong></span> <span class='ocrx_word' id='word_1_203' title='bbox 1141 2811 1187 2872; x_wconf 90' lang='lat' dir='ltr'><strong>est</strong></span> 
     </span>
     <span class='ocr_line' id='line_1_30' title="bbox 196 2884 1185 3067; baseline 0.007 -36"><span class='ocrx_word' id='word_1_204' title='bbox 196 2884 592 3066; x_wconf 54' lang='lat' dir='ltr'><strong>dquamliidnlltiihsaetete</strong></span> <span class='ocrx_word' id='word_1_205' title='bbox 613 2968 678 3032; x_wconf 82' lang='lat' dir='ltr'><strong>ism</strong></span> <span class='ocrx_word' id='word_1_206' title='bbox 704 2973 875 3067; x_wconf 69' lang='lat' dir='ltr'><strong>prqyectus</strong></span> <span class='ocrx_word' id='word_1_207' title='bbox 900 2975 997 3056; x_wconf 82' lang='lat' dir='ltr'><strong>essct,</strong></span> <span class='ocrx_word' id='word_1_208' title='bbox 1025 2973 1095 3038; x_wconf 79' lang='lat' dir='ltr'><strong>cine</strong></span> <span class='ocrx_word' id='word_1_209' title='bbox 1121 2973 1185 3039; x_wconf 90' lang='lat' dir='ltr'><strong>ullo</strong></span> 
     </span>
     <span class='ocr_line' id='line_1_31' title="bbox 225 3051 1185 3137; baseline 0.008 -23"><span class='ocrx_word' id='word_1_210' title='bbox 225 3052 338 3115; x_wconf 90' lang='lat' dir='ltr'><strong>morbo</strong></span> <span class='ocrx_word' id='word_1_211' title='bbox 360 3052 483 3116; x_wconf 81' lang='lat' dir='ltr'><strong>tumme</strong></span> <span class='ocrx_word' id='word_1_212' title='bbox 505 3051 670 3117; x_wconf 87' lang='lat' dir='ltr'><strong>oculorum</strong></span> <span class='ocrx_word' id='word_1_213' title='bbox 692 3058 807 3118; x_wconf 77' lang='lat' dir='ltr'><strong>emisit.</strong></span> <span class='ocrx_word' id='word_1_214' title='bbox 858 3076 953 3137; x_wconf 81' lang='lat' dir='ltr'><strong>quem</strong></span> <span class='ocrx_word' id='word_1_215' title='bbox 975 3056 1185 3122; x_wconf 72' lang='lat' dir='ltr'><strong>calamitatem</strong></span> 
     </span>
     <span class='ocr_line' id='line_1_32' title="bbox 225 3132 1186 3224; baseline 0.008 -26"><span class='ocrx_word' id='word_1_216' title='bbox 225 3135 273 3198; x_wconf 78' lang='lat' dir='ltr'><strong>ite</strong></span> <span class='ocrx_word' id='word_1_217' title='bbox 293 3132 455 3198; x_wconf 78' lang='lat' dir='ltr'><strong>moderate</strong></span> <span class='ocrx_word' id='word_1_218' title='bbox 477 3134 570 3218; x_wconf 86' lang='lat' dir='ltr'><strong>tulit,</strong></span> <span class='ocrx_word' id='word_1_219' title='bbox 597 3139 635 3198; x_wconf 89' lang='lat' dir='ltr'><strong>ut</strong></span> <span class='ocrx_word' id='word_1_220' title='bbox 659 3155 764 3220; x_wconf 89' lang='lat' dir='ltr'><strong>neque</strong></span> <span class='ocrx_word' id='word_1_221' title='bbox 794 3158 867 3202; x_wconf 87' lang='lat' dir='ltr'><strong>enm</strong></span> <span class='ocrx_word' id='word_1_222' title='bbox 889 3143 1074 3222; x_wconf 88' lang='lat' dir='ltr'><strong>querentem</strong></span> <span class='ocrx_word' id='word_1_223' title='bbox 1103 3143 1186 3224; x_wconf 84' lang='lat' dir='ltr'><strong>quis-</strong></span> 
     </span>
     <span class='ocr_line' id='line_1_33' title="bbox 226 3217 1275 3308; baseline 0.009 -26"><span class='ocrx_word' id='word_1_224' title='bbox 226 3239 324 3302; x_wconf 84' lang='lat' dir='ltr'><strong>qusm</strong></span> <span class='ocrx_word' id='word_1_225' title='bbox 345 3217 497 3300; x_wconf 82' lang='lat' dir='ltr'><strong>audierit,</strong></span> <span class='ocrx_word' id='word_1_226' title='bbox 520 3239 624 3301; x_wconf 87' lang='lat' dir='ltr'><strong>neque</strong></span> <span class='ocrx_word' id='word_1_227' title='bbox 646 3237 684 3283; x_wconf 86' lang='lat' dir='ltr'><strong>eo</strong></span> <span class='ocrx_word' id='word_1_228' title='bbox 706 3221 812 3285; x_wconf 86' lang='lat' dir='ltr'><strong>minus</strong></span> <span class='ocrx_word' id='word_1_229' title='bbox 833 3222 967 3306; x_wconf 80' lang='lat' dir='ltr'><strong>privatis</strong></span> <span class='ocrx_word' id='word_1_230' title='bbox 988 3224 1186 3308; x_wconf 83' lang='lat' dir='ltr'><strong>publicisque</strong></span> <span class='ocrx_word' id='word_1_231' title='bbox 1273 3240 1275 3268; x_wconf 84' lang='lat'><strong>¹</strong></span> 
     </span>
     <span class='ocr_line' id='line_1_34' title="bbox 196 3300 1187 3392; baseline 0.011 -29"><span class='ocrx_word' id='word_1_232' title='bbox 196 3304 322 3367; x_wconf 63' lang='lat' dir='ltr'><strong>erebus</strong></span> <span class='ocrx_word' id='word_1_233' title='bbox 343 3300 534 3366; x_wconf 80' lang='lat' dir='ltr'><strong>interfuerit.</strong></span> <span class='ocrx_word' id='word_1_234' title='bbox 572 3302 722 3368; x_wconf 76' lang='lat' dir='ltr'><strong>veniebat</strong></span> <span class='ocrx_word' id='word_1_235' title='bbox 740 3308 847 3370; x_wconf 82' lang='lat' dir='ltr'><strong>eutem</strong></span> <span class='ocrx_word' id='word_1_236' title='bbox 869 3307 903 3371; x_wconf 90' lang='lat' dir='ltr'><strong>in</strong></span> <span class='ocrx_word' id='word_1_237' title='bbox 923 3307 1094 3392; x_wconf 77' lang='lat' dir='ltr'><strong>theatrum,</strong></span> <span class='ocrx_word' id='word_1_238' title='bbox 1116 3329 1187 3374; x_wconf 89' lang='lat' dir='ltr'><strong>cum</strong></span> 
     </span>
     <span class='ocr_line' id='line_1_35' title="bbox 226 3384 1186 3473; baseline 0.009 -25"><span class='ocrx_word' id='word_1_239' title='bbox 226 3384 464 3450; x_wconf 89' lang='lat' dir='ltr'><strong>ibiconcilium</strong></span> <span class='ocrx_word' id='word_1_240' title='bbox 485 3384 598 3469; x_wconf 88' lang='lat' dir='ltr'><strong>populi</strong></span> <span class='ocrx_word' id='word_1_241' title='bbox 619 3387 800 3473; x_wconf 79' lang='lat' dir='ltr'><strong>haberetur,</strong></span> <span class='ocrx_word' id='word_1_242' title='bbox 822 3411 881 3473; x_wconf 91' lang='lat' dir='ltr'><strong>pro</strong></span> <span class='ocrx_word' id='word_1_243' title='bbox 904 3393 954 3454; x_wconf 85' lang='lat' dir='ltr'><strong>ter</strong></span> <span class='ocrx_word' id='word_1_244' title='bbox 973 3390 1186 3458; x_wconf 78' lang='lat' dir='ltr'><strong>valetudinem</strong></span> 
     </span>
     <span class='ocr_line' id='line_1_36' title="bbox 227 3412 1187 3560; baseline 0.015 -32"><span class='ocrx_word' id='word_1_245' title='bbox 227 3470 336 3548; x_wconf 78' lang='lat' dir='ltr'><strong>vectus</strong></span> <span class='ocrx_word' id='word_1_246' title='bbox 358 3470 510 3534; x_wconf 85' lang='lat' dir='ltr'><strong>iumentis</strong></span> <span class='ocrx_word' id='word_1_247' title='bbox 531 3470 664 3555; x_wconf 88' lang='lat' dir='ltr'><strong>iunctis,</strong></span> <span class='ocrx_word' id='word_1_248' title='bbox 692 3475 788 3554; x_wconf 78' lang='lat' dir='ltr'><strong>etque</strong></span> <span class='ocrx_word' id='word_1_249' title='bbox 809 3473 855 3537; x_wconf 80' lang='lat' dir='ltr'><strong>ite</strong></span> <span class='ocrx_word' id='word_1_250' title='bbox 877 3412 915 3538; x_wconf 76' lang='lat' dir='ltr'><strong>&lt;le</strong></span> <span class='ocrx_word' id='word_1_251' title='bbox 938 3474 1085 3540; x_wconf 87' lang='lat' dir='ltr'><strong>vehiculo</strong></span> <span class='ocrx_word' id='word_1_252' title='bbox 1108 3497 1187 3560; x_wconf 82' lang='lat' dir='ltr'><strong>quse</strong></span> 
     </span>
    </p>
   </div>
   <div class='ocr_carea' id='block_1_3' title="bbox 0 0 1308 3940">
    <p class='ocr_par' dir='ltr' id='par_1_3' title="bbox 0 0 1308 3940">
     <span class='ocr_line' id='line_1_37' title="bbox 0 0 1308 3940; baseline 0 0"><span class='ocrx_word' id='word_1_253' title='bbox 0 0 1308 3940; x_wconf 95' lang='lat' dir='ltr'><strong> </strong></span> 
     </span>
    </p>
   </div>
  </div>
 </body>
</html>
