2590 3946
439 314 463 363 1.
497 312 697 362 ninnmuus.
721 309 794 358 r-e.
1073 297 1094 360 3
1182 355 1184 358 ,

132 453 244 518 dentes
271 450 508 534 responderunt
534 453 603 512 tum
632 448 665 511 id
692 467 725 512 se
753 447 909 529 facturos,
941 467 1014 511 cum
1041 446 1095 510 illo

133 537 228 602 domo
257 535 393 600 novibus
422 532 627 616 proficiscens
655 535 752 595 rento
779 531 929 614 aquilone
956 529 1096 594 venisset

133 619 300 684 Lemnum.
337 619 390 682 hic
410 617 496 682 enim
510 619 625 680 ventus
639 616 679 680 ab
695 615 966 698 septentrionibus
989 612 1095 679 oriens

133 704 300 768 adversum
321 705 411 766 tenet
436 700 574 764 Athenis
600 699 883 782 proficiscentibus.
933 698 1124 763 Miltiadcso

132 787 281 852 morandi
308 789 433 868 tempus
460 804 527 848 non
560 785 681 848 habens
713 803 840 848 cursum
872 783 1003 866 direxit,
1032 803 1095 865 quo

133 870 300 952 tendebat,
322 868 531 952 pervenitque
546 867 789 934 Chersonesum.

126 997 129 1003 ·
217 953 267 1018 Ibi
277 953 367 1018 brevi
377 956 521 1036 tempore
533 953 740 1017 barbarorum
752 952 852 1034 copiis
865 951 1004 1017 disiectis
1026 954 1095 1015 tota
1112 951 1131 1014 2

133 1039 274 1123 regione,
297 1059 391 1122 quam
406 1036 553 1120 petierat,
574 1037 705 1120 potitus,
732 1035 803 1100 loca
818 1036 955 1101 castellis
980 1002 1096 1100 idonea

108 1151 110 1156 ⁸
134 1121 337 1204 communiit,
360 1119 615 1203 multitudinem,
643 1141 739 1203 quom
760 1139 866 1184 secum
890 1119 1038 1202 duxerat,
1060 1121 1095 1183 in
1205 1189 1209 1194 ,

134 1206 219 1291 agris
241 1205 411 1270 collocavit
426 1205 606 1288 crebrisque
623 1204 862 1269 excursionibus
876 1204 1095 1350 locupletarit.

133 1291 376 1440 retitur
398 1289 578 1436 {ortu
607 1287 908 1436 tuttelstet
929 1288 1125 1436 ritib?

132 1458 275 1523 hostium
302 1457 473 1539 exercitus,
506 1475 629 1520 summa
661 1456 821 1538 aequitate
851 1477 901 1520 res
929 1455 1096 1521 constituit

134 1545 230 1624 atque
251 1541 320 1623 ipse
341 1540 460 1604 ibidem
481 1559 610 1603 manere
632 1538 780 1602 decrevit
821 1544 889 1604 erat
910 1541 995 1603 enim
1010 1541 1124 1604 intere

135 1645 188 1690 eos
212 1623 367 1710 dignitate
390 1623 488 1707 regia,
512 1622 657 1705 quamvis
679 1622 808 1686 carebat
828 1623 968 1706 nomine,
990 1644 1095 1706 neque

133 1709 166 1774 id
188 1709 291 1794 magis
313 1707 448 1790 imperio
471 1727 566 1789 quam
589 1705 710 1774 iustitia
731 1710 929 1772 consecutus.
991 1727 1095 1790 neque

134 1814 172 1857 co
211 1792 312 1858 secius
339 1790 607 1873 Atheniensibus,
638 1811 657 1854 a
685 1790 799 1873 quibus
833 1794 901 1856 erat
922 1791 1094 1874 profectus,

135 1875 241 1941 cilicia
255 1875 446 1958 praestabat.
485 1873 600 1957 quibus
622 1874 716 1938 rebus
731 1875 828 1938 fiebat
849 1878 886 1939 ut
906 1896 974 1939 non
988 1876 1095 1940 minus

134 1980 246 2024 eorum
272 1959 438 2024 voluntate
467 1959 622 2040 perpetuo
644 1957 812 2039 imperium
836 1958 1010 2042 obtineret,
1039 1960 1094 2042 qui

134 2043 297 2125 miserant,
320 2063 415 2125 quam
437 2041 577 2124 illorum,
599 2061 671 2105 cum
696 2041 811 2124 quibus
832 2045 901 2107 erat
921 2043 1093 2126 profectus.

134 2125 332 2192 Chersoneso
355 2125 413 2190 tali
434 2127 529 2190 modo
552 2125 726 2190 constitute
747 2125 901 2191 Lemnum
922 2127 1124 2193 reventilare

134 2215 167 2276 et
187 2232 226 2276 ex
239 2214 335 2294 paeto
350 2210 492 2293 postulat
512 2213 549 2275 ut
562 2209 624 2274 sibi
637 2210 749 2274 urbem
764 2211 900 2275 hadent
936 2212 984 2275 illi
1008 2213 1093 2276 enim

134 2295 294 2378 dixerant,
322 2315 394 2358 oum
417 2297 513 2359 vento
536 2295 633 2358 borea
655 2291 749 2358 domo
778 2295 940 2378 profectus
963 2317 1001 2361 eo
1023 2317 1093 2380 pcr-

134 2380 282 2462 venisset,
305 2398 372 2442 sese
386 2378 559 2461 dedituros,
580 2398 614 2442 se
635 2381 743 2443 autem
757 2380 887 2443 domum
903 2378 1093 2445 Chersonesi

134 2464 260 2527 habere.
306 2459 416 2544 Cares,
444 2461 499 2544 qui
526 2463 595 2525 tum
623 2460 780 2526 Lemnum
806 2462 1004 2546 incolebant,
1032 2465 1122 2528 etsie

133 2549 260 2630 praeter
287 2545 472 2628 opinionem
499 2565 549 2608 res
576 2543 746 2627 occiderat,
775 2547 882 2609 tamen
909 2567 976 2613 non
997 2546 1093 2630 dicto,

134 2630 189 2696 sed
222 2629 361 2694 secundo
392 2629 523 2694 fortuna
555 2627 807 2693 adversariorum
835 2630 919 2713 capti
947 2631 1093 2696 resistere

134 2715 202 2779 ausi
223 2734 290 2780 non
318 2716 395 2778 sunt
422 2716 517 2796 atque
545 2733 584 2776 ex
610 2712 716 2777 insula
743 2712 970 2800 demigrarunt.
1023 2717 1093 2799 pari

133 2797 286 2864 felicitate
309 2801 429 2863 ceteras
451 2797 580 2880 insulas,
604 2817 685 2880 quae
701 2796 852 2880 Cyclades
873 2800 1093 2882 nominentur,

133 2883 192 2947 sub
214 2881 460 2947 Atheniensium
482 2880 605 2967 redegit
624 2884 826 2964 potestatem.

217 2964 345 3031 Eisdem
377 2967 575 3050 temporibus
606 2965 776 3030 Persarum
810 2988 866 3032 rex
898 2967 1015 3033 Darius
1053 2967 1129 3033 ex3

133 3051 212 3114 Asia
238 3050 273 3113 in
300 3048 464 3134 Europam
491 3050 631 3116 exercitu
660 3050 792 3116 traiecto
819 3049 945 3136 Scythis
972 3052 1093 3118 bellum

133 3135 252 3198 inferre
274 3132 422 3199 decrevit.
458 3137 590 3218 pontem
611 3132 689 3199 iecit
711 3134 746 3199 in
767 3134 850 3200 Istro
865 3135 1005 3220 flumine,
1028 3158 1092 3220 quo

133 3218 241 3299 copias
268 3217 455 3282 traduceret
485 3218 577 3287 -eius
604 3217 730 3302 pontis,
758 3218 833 3284 dum
862 3219 929 3304 ipse
958 3222 1091 3302 abesset,

133 3301 278 3368 custodes
300 3301 430 3384 reliquit
449 3301 623 3385 principes,
650 3323 730 3385 quos
752 3323 858 3368 secum
887 3325 925 3369 cx
947 3303 1038 3368 Ionio
1060 3309 1093 3368 ct

133 3386 265 3452 Aeolide
278 3385 426 3450 duxerat:
442 3385 557 3467 quibus
571 3385 707 3471 singulis
723 3387 864 3470 ipsorum
880 3387 1006 3452 urbium
1021 3408 1091 3470 per-

133 3474 230 3554 petue
244 3469 373 3535 dederat
394 3468 537 3554 imperia.
575 3471 622 3534 sic
643 3470 729 3535 enim
743 3471 894 3536 facillime
909 3472 1035 3554 poterit
1056 3485 1121 3537 set

134 3554 255 3621 Graeca
275 3554 387 3640 lingua
407 3555 586 3639 loquentes,
608 3554 664 3637 qui
686 3554 796 3619 Asiam
818 3555 1010 3640 incolerent,
1032 3557 1091 3621 sub

856 3658 889 3708 10
