2590 3946
405 245 476 292 mv.
516 243 692 292 erramus.
715 239 790 289 a-s.
1034 229 1075 293 51

111 379 185 445 illos
207 380 341 464 imperio
365 401 433 444 esse
455 378 557 445 iussit.
594 383 706 463 postea
726 399 802 443 vero
826 400 922 462 quam
936 379 1079 444 Pharna·

112 466 225 529 bazum
248 487 304 528 rex
328 465 499 546 revocavit,
522 463 570 528 illi
588 485 711 528 summa
732 463 860 547 imperii
881 463 998 528 tradita
1020 469 1078 528 est.

195 548 257 612 Hic
286 571 360 613 cum
385 548 525 612 maximo
548 547 652 613 studio
680 554 880 632 compararet
907 548 1115 613 exercitum4

111 637 360 719 Aegyptumque
375 633 534 716 proficisci
549 636 685 716 pararet,
700 633 807 698 subito
823 656 842 696 a
861 653 937 718 rege
951 632 1090 697 litterae·

111 723 187 782 sunt
209 717 237 782 ei
260 719 389 800 missae,
412 721 449 782 ut
468 717 583 800 Aspim
605 716 833 802 aggrederetur
883 717 938 800 qui
965 715 1079 782 Catao-

110 803 197 866 niam
220 803 366 866 tenebatc
401 823 481 886 quae
503 821 582 886 gens
604 802 688 866 iacet
709 823 805 884 supra
828 767 981 886 diliciam,
1005 822 1079 865 con·

110 887 184 950 finis
207 884 436 969 Cappadociae.
480 906 619 969 namque
641 886 752 1032 Aspis,
778 886 952 950 saltuosam
974 886 1107 970 regio-a

110 993 185 1035 nem
210 969 411 1052 castellisque
435 969 594 1034 munitam
615 970 688 1034 inco
703 991 773 1054 ens,
801 991 869 1034 non
891 970 995 1035 solum
1021 970 1079 1034 im·

110 1054 202 1137 perio
218 1055 303 1138 regis
318 1074 384 1118 non
406 1055 553 1138 parebat,
576 1053 631 1117 sed
653 1054 750 1119 etiam
763 1054 917 1119 finitimas
931 1076 965 1119 re
991 1054 1079 1118 'ones

110 1138 247 1201 vexabat
270 1142 301 1202 et
324 1157 404 1220 quae
425 1138 494 1222 regi
516 1141 723 1220 portarentur
750 1137 935 1220 abripiebat.
1012 1142 1109 1203 ata-a

110 1242 187 1305 mes,
211 1222 389 1368 etsihlonge
404 1221 515 1286 aberat
537 1221 576 1285 ab
600 1221 658 1320 his⁸
670 1222 858 1368 regiclmibus
871 1227 903 1287 et
924 1222 1078 1287 amaiore

110 1306 426 1474 etiamr
452 1311 564 1486 aaa
590 1309 1079 1487 {aaz

110 1475 196 1538 tibus
225 1495 340 1537 navem
370 1473 570 1556 conscendit,
602 1477 802 1556 emetrmans,
836 1473 922 1556 quod
955 1475 1078 1559 accrdit,

110 1557 237 1621 facilius
266 1577 299 1620 se
328 1555 564 1655 imprudentem
596 1579 696 1640 parva
724 1578 823 1654 manu
853 1579 1079 1641 oppressurum

110 1645 697 1810 ldatpdlltlttflagtllcmtit‘}
721 1642 1108 1809 tettatttttss
1154 1701 1156 1706 ·

110 1809 233 1874 faciens
255 1809 396 1873 'laurum
418 1810 547 1874 transiit
569 1831 682 1893 eoque,
704 1831 767 1892 quo
783 1809 957 1894 studuerat,
980 1812 1078 1878 venit

113 1894 247 2041 qpaerit.
271 1892 385 2038 qufibps
400 1893 479 1957 locis
503 1895 545 1957 sit
559 1895 671 1978 Aspis:
686 1894 861 2042 tcognoscit
882 1894 968 2040 halud
982 1896 1079 1979 longa

112 1997 902 2146 ttaP‘sassssusstsestest.
935 2000 1079 2128 tlt.

111 2167 182 2210 cum
207 2145 267 2229 eis,
291 2165 371 2228 quos
394 2167 500 2210 secum
514 2145 670 2229 habebat,
693 2145 734 2211 ad
747 2146 958 2211 resistendum
980 2148 1077 2231 Aspis

112 2233 286 2312 comparat.
319 2229 352 2291 id
367 2227 520 2294 Datames
541 2229 597 2294 ubi
616 2228 747 2314 audivit,
769 2253 858 2296 arma
873 2231 979 2315 sumit,
1002 2241 1108 2297 suost

111 2315 202 2395 sequi
224 2313 327 2376 iubet:
353 2313 421 2397 ipse
444 2335 526 2396 equo
548 2314 709 2380 concitato
731 2315 773 2379 ad
794 2315 919 2379 hostem
939 2317 1077 2382 vehitur.

112 2417 207 2494 quem
229 2396 342 2480 procul
363 2398 460 2480 Aspis
485 2397 685 2481 conspiciens
707 2397 748 2460 ad
774 2418 808 2462 se
830 2397 987 2464 ferentem
1008 2422 1078 2484 per·

109 2479 251 2544 tumescit
278 2483 373 2562 atquc
407 2501 426 2543 a
458 2484 577 2546 conatu
608 2480 777 2545 resistendi
809 2475 978 2547 deterritus
1009 2505 1078 2550 sese

110 2563 241 2630 dedidit.
278 2564 365 2628 hunc
379 2563 533 2630 Datames
554 2565 698 2629 vinctum
720 2563 760 2628 ad
774 2585 884 2651 regem
898 2565 1078 2632 ducendum

57 2707 61 2715 .
109 2649 208 2712 tradit
230 2648 444 2716 Mithridati.-

193 2732 282 2798 Haec
305 2734 380 2798 dum
403 2737 574 2818 geruntur,
596 2735 790 2800 Artaxerxes
812 2735 1037 2820 reminiscens,
1059 2735 1114 2802 ab

110 2820 231 2900 quanto
246 2817 332 2882 bello
355 2817 395 2882 ad
411 2840 507 2901 quam
521 2839 656 2902 paruam
676 2839 745 2882 rem
759 2819 938 2904 principem
960 2821 1077 2886 ducum

107 2899 263 2984 misisset,
288 2903 412 2985 seipse
439 2901 647 2986 reprehendit
668 2905 700 2966 et
721 2906 872 2967 nuntium
896 2904 937 2970 ad
960 2904 1077 2969 exerci·
1158 2949 1159 2954 κ

108 2989 179 3049 tum
202 2986 416 3070 Acenmisit,
439 2987 526 3070 quod
546 2986 692 3052 nondum
712 2985 873 3052 Datamen
917 2988 1076 3054 refectum

107 3069 260 3153 putabat,
282 3069 339 3152 qui
360 3069 493 3155 diceret,
514 3093 555 3136 ne
578 3073 618 3136 ab
639 3071 778 3136 exercitu
794 3071 860 3135 disc
902 3076 979 3138 eret.
1022 3073 1076 3139 hic

107 3153 297 3237 priusquam
318 3155 514 3238 perveniret,
536 3177 601 3239 quo
623 3158 693 3220 erat
708 3155 887 3240 profectus,
910 3156 945 3221 in
959 3158 1075 3222 itinere

109 3237 274 3320 convenit,
303 3236 360 3320 qui
380 3237 495 3320 Aspim
515 3238 683 3304 ducebant.
732 3261 797 3323 qua
817 3240 979 3306 celeritate
1002 3250 1105 3305 cuma
1126 3299 1130 3306 .

107 3341 261 3406 magnam
290 3319 541 3386 benivolentiam
577 3325 662 3408 regis
698 3321 851 3389 Datames
886 3328 1076 3389 consecutus

108 3410 203 3490 esset,
218 3425 286 3470 non
299 3405 458 3470 minorem
472 3405 627 3472 invidiam
642 3408 819 3473 aulicorum
834 3409 968 3556 excepiti
988 3406 1075 3490 quod

105 3490 202 3557 illum
235 3511 336 3556 unum
362 3490 465 3574 pluris
493 3511 590 3574 quam
617 3512 651 3556 se
679 3512 789 3559 omnes
816 3492 887 3557 fieri
912 3491 946 3557 ri
968 3492 1073 3558 ebant.

832 3594 868 3648 4*
