2606 3940
410 244 511 292 xv111.
551 244 722 312 nonnum.
743 241 767 290 s.
789 242 814 289 o.
1050 233 1090 296 π

130 377 287 443 versorios
308 377 479 443 rescituros
502 377 541 440 de
563 399 620 443 sno
642 376 781 442 adventu
787 427 796 462 ,
825 399 921 463 quem
941 380 1010 463 ipse
1031 385 1093 445 ter·

129 462 208 526 tium
234 464 359 545 partem
386 461 578 527 confecisset
603 461 742 526 itineris:
776 463 826 527 sin
851 483 910 546 per
933 463 1004 528 loce
1025 464 1095 529 solu

130 545 351 630 contenderet,
386 566 402 610 s
425 545 536 610 erubet
562 565 595 610 se
622 545 857 629 imprudentem
883 546 1008 612 hostem
1039 567 1094 632 op·

130 650 322 713 pressurum.
355 655 356 658 ¹
446 628 530 694 hanc
561 649 630 694 rem
662 629 891 694 conficiendum
913 630 1122 714 ¹imperavitr

131 734 226 796 quem
248 713 404 796 plurimos
426 715 513 798 utres
535 716 632 795 etque
648 713 750 795 ,etiem
765 713 884 779 culleos
906 734 978 779 com
1000 715 1093 799 cruri,

131 800 206 880 p'ost
234 798 314 861 hoec
335 796 488 880 pabulum
494 845 503 880 ,
525 800 690 881 praeterea
711 796 831 862 ciboria
852 801 943 863 coctu
995 801 1094 863 'erum

131 881 251 964 decem,
273 883 310 944 ut
332 899 426 964 quum
448 880 580 945 minime
602 882 694 946 fieret
714 881 800 966 ignis
821 882 856 946 in
876 882 997 947 cestris.
1033 882 1096 946 iter

132 963 342 1112 quofihibiihi
349 983 460 1028 omnes
472 964 563 1030 celet
590 965 636 1030 sio
650 970 790 1048 perotus,
802 987 865 1049 que
876 966 1095 1050 constitueret,

154 1068 189 1112 ro
214 1068 290 1112 orscr
344 1097 350 1112 .

130 1069 152 1130 p
217 1130 394 1196 Dimidium
408 1131 475 1196 fere
490 1132 631 1216 spatium
645 1131 835 1216 confecerat,
857 1153 930 1197 cum
950 1155 989 1198 ex
1005 1134 1096 1198 fumo
1111 1133 1132 1198 9

131 1218 309 1280 castrorum
324 1217 392 1280 eius
406 1214 546 1299 suspicio
561 1215 658 1279 allate
670 1219 718 1280 est
728 1216 768 1280 od
778 1215 956 1284 Eumenem
969 1217 1095 1283 hostem

132 1299 401 1383 appropinquare.
449 1298 648 1366 conveniunt
668 1298 780 1364 duces:
810 1301 988 1384 quoeritm,
1019 1300 1096 1385 quid

133 1402 214 1480 opus
246 1383 291 1480 sit
315 1382 412 1448 fecto.
467 1382 700 1478 intellegebant
721 1404 832 1449 omnes
858 1388 925 1450 tem
952 1385 1097 1484 celeriter

132 1465 1097 1646 tremuerintthenehumeth
1109 1566 1126 1615 2

133 1635 230 1698 rebus
252 1653 385 1698 summm
408 1632 659 1718 desperentrbus,
681 1631 842 1700 Eumenes
862 1634 918 1718 eit,
940 1635 968 1699 si
989 1634 1098 1699 celeri·

132 1721 233 1782 tatem
256 1717 360 1783 velint
380 1715 530 1782 adhibere
553 1719 586 1782 et
606 1717 763 1800 imperate
783 1717 898 1802 iecere,
921 1718 1007 1802 qnod
1023 1720 1097 1783 onte

133 1821 201 1866 non
223 1800 368 1883 iecerint,
390 1822 424 1866 se
438 1823 507 1866 rem
521 1801 752 1885 expediturum.
788 1821 863 1866 nom
878 1801 966 1885 qnod
987 1801 1098 1866 diebus

133 1884 1099 2052 tttmlthhrhtdrtttt'berhttred

135 2051 358 2134 circumirent,
389 2071 462 2116 suas
495 2051 629 2135 quisque
661 2051 865 2116 contraheret
895 2053 1013 2136 copies.
1056 2051 1127 2116 nde
1178 2061 1180 2066 '

134 2134 293 2219 Antigoni
309 2138 416 2200 sutem
430 2135 657 2201 refrenandum
671 2136 827 2218 impetum
840 2135 905 2200 tole
924 2136 1011 2219 cupit
1024 2155 1099 2202 con-

136 2218 252 2284 silium.
289 2224 392 2284 certos
407 2219 508 2284 mittit
527 2218 675 2285 homines
689 2219 730 2284 ud
743 2219 871 2285 infimos
885 2224 1021 2304 montes,
1043 2221 1099 2302 qni

136 2303 224 2368 obvii
247 2307 339 2367 erent
359 2303 469 2368 itineri
483 2303 747 2386 adversariorum,
768 2303 871 2387 iisque
885 2303 992 2387 praeci
1015 2304 1043 2369 it
1062 2307 1100 2368 ut

135 2387 239 2470 prime
259 2389 370 2468 nocte,
392 2407 490 2469 quem
509 2387 665 2452 letissime
685 2387 827 2469 possint,
859 2387 871 2450 i
918 2407 951 2451 es
1030 2387 1100 2451 ient

136 2491 232 2553 quem
259 2469 415 2536 maximos
441 2473 540 2552 utque
561 2469 622 2535 hos
642 2468 781 2534 secunde
807 2406 920 2554 vigiiii
940 2471 1098 2552 minuunt,

135 2554 231 2618 tertia
256 2553 447 2638 perexiguos
474 2552 623 2636 reddent,
650 2556 683 2618 et
709 2552 894 2618 assimulate
920 2557 1128 2618 castrorumt

136 2636 366 2702 consuetudine
381 2636 595 2720 suspicionem
613 2637 761 2702 iniicient
780 2636 937 2722 hostibus,
959 2637 999 2702 iis
1019 2637 1099 2703 locis
1154 2681 1169 2701 .

137 2742 204 2786 esse
226 2725 329 2787 oestro
343 2741 380 2786 eo
402 2721 441 2786 de
456 2741 566 2785 eorum
580 2720 721 2785 adventu
739 2741 807 2786 esse
820 2721 1098 2870 Emenuntintum

136 2806 283 2890 idemque
312 2808 440 2888 postera
467 2808 563 2869 nocte
589 2805 719 2869 fuciunt
764 2805 819 2888 qui

137 2891 215 2972 erat,
237 2889 407 2974 diligenter
426 2892 632 2973 praeceptum
646 2892 768 2955 curent.
804 2889 991 2976 Antigonus
1011 2895 1099 2955 tene·

136 2972 203 3037 bris
219 2971 340 3037 obortis
362 2973 455 3058 ignes
470 2973 689 3057 conspicetur:
711 2973 812 3039 credit
832 2972 871 3038 de
886 2995 944 3039 suo
960 2973 1099 3039 odvermu

137 3076 205 3122 esse
232 3055 375 3121 nuditum
403 3061 436 3122 et
464 3057 662 3123 adversarios
693 3056 770 3123 illuc
803 3078 877 3123 suns
903 3059 1098 3123 contraxisse

137 3140 255 3225 copias.
298 3143 402 3205 mutet
427 3140 597 3206 consilium
624 3145 672 3225 et,
700 3142 853 3224 quonism
879 3141 1128 3242 imprudentesc

842 2827 879 2870 ns
905 2806 1128 2890 imperaturos

9 3239 10 3242 ’
131 3224 256 3292 odoriri
283 3245 351 3289 non
382 3228 500 3322 posset,
521 3225 623 3290 flectit
647 3225 710 3290 iter
741 3247 833 3291 suum
861 3230 894 3292 et
925 3226 1017 3290 illum
1044 3245 1099 3289 nn-

137 3309 274 3374 irsctum
302 3308 483 3407 longiorem
510 3310 658 3407 copiosus
685 3310 756 3374 viae
777 3310 864 3456 cogit
884 3311 994 3406 ibique
1015 3308 1099 3372 diem

137 3415 238 3492 unum
252 3397 418 3542 ⁰ffiniur
430 3393 471 3458 nd
485 3392 705 3491 lossrtudrnem
719 3394 816 3458 sedan
838 3414 890 3498 em
907 3393 1048 3456 m1htum
1062 3413 1099 3457 ao

137 3479 268 3544 reficren
323 3481 475 3561 rumentn,
487 3497 551 3560 quo
566 3480 740 3561 mtegnore
755 3480 895 3542 exercrtu
907 3476 1100 3542 decerneret.
