2590 3946
415 243 477 295 vn.
513 239 816 292 enormiorem
1055 228 1098 294 25

134 377 175 442 ad
198 377 284 464 quod
304 379 481 464 gerendum
502 378 571 466 ipse
594 377 823 464 duxrdeleotus
845 381 901 470 est,
924 379 986 464 dno
1009 399 1098 462 prae·

133 467 221 526 terea
248 461 389 548 collegae
409 463 500 546 dati,
528 458 639 527 Nicias
667 465 700 525 et
726 461 915 526 Lamachus.
964 461 997 526 id
1024 475 1127 527 oumt

133 549 357 632 appeteretur,
391 545 480 632 prius
511 567 607 630 quam
634 545 743 610 elassis
771 547 886 631 exiret,
921 545 1037 618 oceidit
1057 550 1111 626 'ut

132 651 199 696 una
219 633 315 694 noete
338 625 449 716 omnes'
464 629 602 712 hermae,
625 629 681 712 qui
695 629 738 692 in
753 628 872 714 oppido
894 622 986 694 erant
999 629 1100 694 Athe·

131 715 194 796 nis,
217 713 430 778 deiieerentur
443 713 698 798 praeter'nnum,
742 713 777 776 ui
792 717 865 778 ante
880 713 1010 779 ianuam
1032 717 1101 776 erat

132 797 303 864 Andocidi.
355 797 401 862 ita
424 819 464 862 ue
496 797 552 862 ille
578 799 697 881 postea
767 798 908 862 marsius
939 793 1100 864 iindooidi

133 882 297 964 vocitatus
316 886 372 947 est
440 901 478 946 oo
499 903 573 946 oum
599 879 952 967 appareret'nonsine
978 887 1128 966 magnae

132 965 311 1030 multorum
344 967 555 1031 consensione
588 985 655 1029 esse
686 965 823 1048 tannim,
852 978 944 1050 qnae·
964 973 1033 1031 non
1060 967 1101 1028 ad

132 1050 308 1132 privatam,
336 1051 391 1114 sed
411 1050 452 1114 ad
472 1049 635 1136 publicam
654 1067 723 1118 rem
744 1048 935 1132 pertineret,
963 1049 1100 1133 magnus

132 1132 333 1197 multitudini
348 1135 448 1199 timor
466 1137 514 1198 est
533 1133 685 1216 iniectus,
699 1144 754 1196 ‘ne
777 1155 840 1216 qua
861 1129 1029 1216 repentina
1051 1133 1100 1212 vis

131 1217 168 1280 in
191 1217 319 1293 civitate
341 1219 500 1300 existeret,
524 1238 605 1300 quae
626 1215 807 1282 libertatem
829 1217 1024 1300 opprimeret
1044 1237 1100 1300 po·

133 1301 213 1384 puli.
257 1301 319 1366 hoe
347 1302 486 1365 maxime
507 1299 680 1366 convenire
701 1301 737 1364 in
758 1299 959 1365 Alcibiadem
972 1299 1130 1366 videbe-t

133 1389 197 1466 tur,
221 1384 307 1467 quod
322 1388 355 1449 et
368 1386 533 1531 potentior
547 1389 580 1449 et
599 1385 702 1448 maior
716 1405 813 1468 quam
827 1385 971 1468 privatus
994 1385 1100 1452 existi-
1131 1411 1136 1424 ·

133 1469 297 1532 mabatnr:
319 1472 438 1532 mutos
461 1467 752 1532 enimh’berslitate
775 1468 970 1552 devinxerat,
992 1469 1100 1552 plures

134 1553 233 1616 etiam
255 1572 353 1648 opera
378 1551 501 1615 forensi
527 1570 602 1616 euos
623 1550 812 1617 reddiderat
865 1573 929 1635 qua
945 1573 980 1616 re
1001 1553 1129 1616 fiebatt

135 1639 172 1700 nt
194 1653 339 1700 ommam
355 1636 475 1720 oeulos,
498 1635 785 1720 quotienscumque
799 1636 835 1699 in
848 1635 1014 1718 publicum
1027 1655 1101 1718 pro·

123 1717 250 1804 disset,
279 1717 319 1783 ad
341 1739 374 1784 se
396 1706 598 1800 converteret
616 1739 722 1804 neque
744 1721 774 1784 ei
817 1739 854 1784 ar
875 1720 1044 1803 qnisquam
1065 1719 1101 1782 in

135 1801 267 1866 ciuitate
294 1807 478 1886 poneretur.
531 1803 641 1949 itaque
666 1825 735 1868 non
761 1741 866 1868 eodum
887 1825 977 1887 spem
1003 1805 1039 1866 in
1061 1823 1099 1876 eo
1168 1829 1174 1840 ·

133 1885 299 1949 habebant
325 1888 513 1971 maximam,
540 1907 574 1950 se
628 1888 725 1950 etiam
752 1889 915 1970 timorem,
948 1887 1034 1968 quod
1068 1891 1101 1950 et

135 1969 247 2033 obesse
269 1969 443 2051 plurimum
466 1973 499 2034 et
519 1969 669 2054 prodesse
689 1971 826 2052 poterat.
871 1972 1129 2054 aspergebature

135 2053 233 2116 etiam
252 2052 401 2135 infamia,
431 2053 517 2136 quod
544 2055 579 2117 in
606 2053 702 2117 domo
731 2073 788 2118 sua
813 2053 919 2117 faeere
948 2054 1101 2136 mysteria

135 2136 313 2201 dicebatur:
343 2135 430 2220 quod
451 2136 542 2200 nefas
563 2140 633 2201 erat
651 2156 742 2202 more
764 2137 1027 2220 Atheniensium,
1054 2137 1100 2200 id·

134 2239 198 2368 qius
218 2219 576 2369 mxiffligissmm'
604 2220 659 2284 sed
687 2221 728 2284 ad
753 2221 1009 2294 coniurationem
1030 2241 1100 2304 per·

161 2325 277 2369 neree
386 2326 447 2368 aa
484 2325 510 2368 r.
852 2354 854 2360 .

219 2385 291 2451 Hoo
313 2387 446 2451 erimine
473 2388 509 2451 in
530 2388 683 2452 contione
703 2389 744 2451 ab
769 2387 908 2451 inimicis
930 2388 1136 2472 compella-4

117 2474 239 2536 'batua
283 2471 339 2534 sed
360 2472 502 2534 instabat
521 2474 650 2553 tempus
671 2469 712 2532 ad
732 2469 853 2534 bellum
866 2469 1099 2552 proficiscendi.

134 2554 169 2618 id
195 2555 251 2618 ille
272 2555 401 2618 intuens
422 2575 464 2618 ns
487 2573 527 2618 ue
549 2554 703 2638 ignorans
724 2553 843 2618 uirium
865 2572 997 2618 suorum
1026 2575 1100 2618 oon·

136 2639 338 2703 suetudinem
370 2575 570 2722 postuiabat,
604 2637 632 2702 si
679 2635 737 2702 uid
763 2636 802 2700 de
828 2657 862 2701 se
890 2637 943 2722 agi
970 2637 1099 2720 vellent,

135 2723 243 2805 potius
266 2722 304 2787 de
319 2725 486 2804 praesento
508 2721 653 2805 quaestio
695 2722 851 2804 aberetur,
874 2741 971 2805 quam
985 2722 1100 2786 absens

136 2805 278 2870 invidiae
291 2805 425 2870 erimine
439 2807 650 2870 aoousaretur.
686 2805 808 2870 inimici
830 2825 906 2869 vero
929 2805 997 2870 eius
1012 2807 1129 2889 quie-s

137 2889 288 2954 suendum
308 2890 343 2953 in
364 2891 541 2974 praesenti,
568 2889 645 2973 quia
665 2889 775 2954 noceri
797 2888 827 2953 ei
847 2909 916 2953 non
936 2911 1030 2973 posse
1052 2891 1100 2954 in·

135 2971 348 3057 tellegebant,
376 2974 517 3038 stillud
536 2977 663 3057 tempus
685 2972 933 3058 exspeotsndum
956 2973 1100 3038 deereve-

74 3133 79 3144 ,
136 3059 222 3139 runt,
244 3077 309 3140 quo
331 3057 456 3142 exisset,
478 3063 515 3132 ut
530 3059 729 3122 absentema
751 3057 968 3143 grederentur,
990 3057 1099 3140 itaque

135 3139 292 3206 iecerunt.
340 3160 416 3205 nam
447 3145 619 3226 postquam
645 3142 681 3205 in
735 3141 855 3206 reiliam
884 3161 961 3212 ,eum
1012 3150 1129 3204 erre-s

136 3225 222 3290 nisse
252 3223 468 3308 erediderunt,
501 3226 682 3308 absentem,
715 3225 801 3308 quod
823 3243 913 3290 saera
939 3162 1099 3306 videsset,

136 3331 227 3374 reum
248 3309 403 3374 iecerunt.
453 3329 517 3391 qua
544 3309 583 3374 de
609 3329 644 3372 re
671 3329 744 3372 eum
772 3307 802 3372 ei
828 3307 961 3372 nuntius
989 3329 1008 3370 a
1034 3327 1100 3370 rna·

137 3395 274 3478 gistrmu
295 3392 330 3456 in
345 3391 487 3456 Siciliam
508 3393 624 3456 missus
646 3395 737 3476 esset,
759 3396 797 3456 ut
815 3391 945 3456 domum
966 3390 1007 3454 ad
1028 3409 1100 3454 oau-

136 3494 205 3542 sam
233 3476 398 3544 dioendam
420 3473 554 3559 rediret,
581 3479 727 3558 essetque
748 3475 783 3539 in
804 3493 923 3559 magna
950 3495 1005 3559 spe
1027 3493 1100 3559 pro·
