2570 3952
231 243 275 308 34
560 257 609 306 rx.
643 256 769 306 conon.
793 253 816 302 1.
838 255 864 304 a.

230 393 374 459 Pittacus
401 393 470 474 ille,
520 392 555 456 ui
584 393 620 455 in
640 394 763 490 septem
790 391 970 475 sapientum
991 413 1126 457 numero
1152 401 1209 457 est

230 477 376 559 habitus,
409 497 482 542 curn
539 476 814 559 ytilenae1multa
840 477 930 538 milia
951 477 1099 559 iugerum
1126 479 1207 574 agri

231 563 261 626 ei
288 562 414 626 muneri
442 561 569 642 darent,
599 560 710 623 ‘nolite
739 580 796 623 oro
823 565 892 623 vos’
915 561 1022 643 inquit
1044 561 1089 622 ‘id
1117 561 1206 624 m1hi

232 646 321 729 dare,
349 644 436 729 quod
462 644 557 708 multi
578 643 759 725 invideant,
786 644 894 728 plures
922 645 1019 707 etiam
1047 647 1206 728 concupi-

232 734 333 794 scant.
383 749 481 813 quare
509 749 549 792 ex
576 728 646 792 istis
672 727 749 790 nolo
778 727 915 810 amplius
944 749 1041 811 quam
1068 731 1205 793 centum

231 815 644 962 Aithaifhtttf
665 811 765 958 2331
780 812 1041 978 staffile}
1057 816 1203 961 lif&

599 945 606 959 ⁸
1192 947 1201 979 7

203 981 406 1064 alocupletia
426 1000 495 1044 non
515 979 647 1064 propria
673 999 740 1044 esse
767 983 970 1044 consuerunt.
1014 981 1070 1044 illa
1096 980 1202 1065 igitur

231 1086 352 1130 corona
373 1067 544 1129 contentus
566 1063 785 1147 Thrasybulus
806 1084 911 1146 neque
933 1065 1070 1147 amplius
1092 1067 1200 1162 requi-

232 1150 309 1214 sivit
329 1169 369 1214 ne
393 1169 433 1212 ue
449 1168 641 1232 quemquam
663 1147 786 1212 honore
805 1167 839 1211 se
861 1149 1068 1213 antecessisse
1090 1151 1199 1213 existi-

201 1233 343 1298 Amavit.
411 1233 441 1296 ic
469 1235 615 1316 sequenti
636 1233 795 1314 tempore,
818 1252 891 1295 cum
912 1236 1042 1315 praetor
1062 1233 1200 1297 classem

232 1317 273 1380 ad
287 1317 433 1383 ciliciam
448 1316 623 1400 appulisset
635 1335 740 1398 neque
756 1315 832 1381 satis
848 1315 1019 1400 diligenter
1033 1319 1068 1380 in
1083 1318 1199 1382 castris

181 1443 182 1448 κ
232 1402 301 1465 eius
322 1404 494 1484 agerentur
513 1399 660 1484 vigiliae,
687 1420 708 1461 a
728 1399 873 1464 barbaris
895 1421 934 1464 ex
955 1401 1074 1484 oppido
1096 1405 1199 1468 noctu

232 1485 400 1568 eruptione
421 1484 507 1549 facta
528 1485 564 1549 in
584 1485 790 1549 tabernaculo
812 1484 1000 1549 interfectus
1021 1489 1079 1550 est

616 1691 809 1701 ...ιι--μ--υ-

571 1839 634 1914 ῙΧ.
687 1822 854 1913 ΟΟΝΟΝ.

199 1993 215 2054 l
319 1989 434 2055 Conon
455 1988 662 2052 Atheniensis
684 1987 920 2072 Peloponnesio
947 1989 1033 2053 bello
1062 1993 1197 2056 accessit

230 2073 271 2137 ad
291 2093 360 2138 rem
386 2072 561 2156 publicam,
589 2074 748 2156 incoque
775 2073 843 2136 eius
871 2093 968 2170 opera
989 2075 1100 2158 magni
1121 2075 1194 2140 fuit.
1269 2093 1270 2106 ¹

230 2177 307 2220 nam
335 2159 368 2219 et
392 2159 522 2239 praetor
548 2155 747 2238 pedestribus
775 2157 966 2222 exercitibus
994 2158 1134 2240 praefuit
1161 2165 1196 2223 et

230 2239 410 2323 praefectus
432 2239 542 2302 classis
563 2259 697 2324 magnas
718 2240 798 2304 mari
819 2261 870 2306 res
898 2241 1006 2326 gessit.
1050 2263 1130 2328 quas
1152 2243 1195 2306 ob

230 2343 342 2387 causas
362 2323 553 2407 praecipuus
568 2325 597 2386 ei
612 2322 716 2387 honos
730 2325 859 2390 habitus
875 2330 932 2390 est
968 2347 1107 2409 namque
1127 2347 1195 2390 om·
1269 2333 1270 2336 ’

230 2407 325 2471 nibus
346 2427 430 2472 unus
450 2407 565 2470 insulis
585 2406 734 2490 praefuit,
757 2409 792 2472 in
814 2425 877 2492 qua
897 2411 1057 2491 potestate
1071 2410 1193 2475 Pheras

200 2492 332 2575 acepit,
356 2491 517 2556 coloniam
543 2490 877 2558 Lacedaemoniorum.
927 2492 990 2556 fuit
1017 2494 1114 2558 etiam
1141 2515 1194 2559 ex-

122 2659 124 2662 ,
230 2581 333 2640 tremo
355 2575 592 2673 Peloponnesio
613 2575 699 2639 bello
721 2580 859 2660 praetor,
883 2597 956 2640 cum
978 2578 1062 2660 apud
1083 2581 1194 2663 Aegos

230 2661 350 2724 flumen
371 2680 484 2743 copiae
508 2659 756 2723 Atheniensium
783 2661 823 2723 ab
845 2659 1010 2742 Lysandro
1038 2668 1114 2726 sunt
1141 2662 1194 2727 de·

231 2744 343 2808 victae.
381 2743 437 2807 sed
456 2746 525 2807 tum
540 2743 654 2826 abfuit
677 2763 779 2827 eoque
793 2744 885 2828 peius
899 2765 950 2808 res
971 2744 1194 2811 administrata

231 2830 294 2892 est:
326 2848 403 2891 nam
434 2831 467 2892 et
498 2826 638 2910 prudens
665 2829 713 2892 rei
733 2827 881 2892 militaris
902 2831 935 2892 et
956 2827 1092 2914 diligens
1124 2836 1194 2896 erat

200 2913 414 2997 simperator.
441 2911 572 2995 -itaque
600 2911 723 2976 nemini
750 2915 819 2975 erat
845 2912 885 2976 iis
910 2913 1109 2997 temporibus
1137 2915 1194 2979 du·

229 2997 335 3080 bium,
368 2997 395 3060 si
423 2993 590 3078 adfuisset,
624 2995 713 3059 illam
734 2995 949 3060 Athenienses
978 2997 1193 3063 calamitatem

231 3099 304 3144 acce
328 3085 419 3144 turos
439 3099 507 3144 non
528 3079 637 3144 fuisse.

194 3161 216 3229 2
347 3162 424 3227 ebus
456 3167 563 3227 autem
595 3163 738 3246 afflictis,
777 3182 849 3227 cum
883 3165 1021 3250 patriam
1053 3165 1193 3232 obsideri

231 3245 385 3330 audisset,
412 3267 481 3311 non
511 3247 682 3330 quaesivit,
710 3245 766 3310 ubi
787 3249 798 3310 i
823 3269 856 3312 se
877 3253 949 3313 tuto
970 3251 1108 3333 viveret,
1136 3253 1193 3316 sed

119 3338 123 3346 '
231 3330 316 3395 unde
336 3332 495 3415 praesidio
517 3333 626 3415 posset
647 3351 715 3395 esse
737 3269 860 3396 civilus
876 3335 951 3397 suis.
987 3335 1095 3418 itaque
1117 3355 1193 3399 oon-

230 3415 306 3479 tulit
327 3437 360 3479 se
382 3415 423 3478 ad
436 3415 689 3496 Phamabaaum,
706 3419 872 3501 ‚satrapem
892 3416 1003 3481 Ioniae
1025 3422 1058 3482 et
1073 3417 1194 3502 Lydiae

229 3498 430 3581 eundemque
439 3517 592 3581 generum
602 3499 686 3584 regis
701 3504 734 3564 et
744 3500 979 3583 propinquum:
1000 3503 1085 3584 apud
1096 3523 1193 3584 quem
