2606 3940
210 219 253 288 60
465 237 523 285 xv.
561 234 822 284 nesuruouuss.
845 233 869 282 e.
892 231 916 282 r.

210 369 355 436 oratione
382 392 439 435 sua
466 370 568 436 multa
595 371 741 436 invectus
769 372 851 436 esset
881 371 916 434 in
944 368 1116 436 Thebanos
1146 377 1181 436 et

179 454 350 538 sArgivos
372 455 408 518 in
429 453 538 537 eisque
560 455 623 519 hoc
644 455 818 538 posuisset,
845 455 989 518 animum
1010 454 1180 520 advertere

208 537 323 602 debere
349 538 505 619 Arcades,
539 538 649 622 quales
679 542 815 622 utraque
842 539 954 604 civitas
983 540 1068 604 cives
1103 561 1180 623 pro-

208 627 359 704 creasset,
383 645 421 687 ex
444 622 620 706 quibusda
643 625 755 687 ceteris
777 626 910 706 possent
930 623 1087 688 iudicare:
1116 628 1179 688 Ar-
1287 657 1288 676 κ

230 707 300 772 ivos
328 708 415 772 enim
438 706 537 772 fuisse
559 705 705 772 Orestem
727 710 760 772 et
780 706 1011 772 Alcmaeonem
1036 709 1179 774 matrici·

207 727 274 871 das,
297 791 415 856 Thebis
437 790 596 875 Oedipum
617 795 739 874 netum,
762 792 818 874 qui
840 812 913 858 cum
934 796 1060 874 patrem
1080 813 1179 857 suum
1287 817 1288 844 ³

178 873 437 955 sinterfecisset,
471 897 509 938 ex
535 879 637 940 matre
664 875 782 941 liberos
826 895 1002 940 recreasse:
1036 875 1113 940 huic
1140 877 1178 940 in

206 958 428 1040 respondendo
443 958 694 1056 Epaminondas,
716 981 793 1056 curn
803 897 842 1024 de
857 960 971 1056 ceteris
985 967 1176 1057 perorasset,

206 1042 534 1192 {Jtldbttttl
554 1044 1011 1210 destitistis
1024 1043 1177 1190 diffidit

206 1211 352 1291 verterit,
387 1211 575 1276 innocentes
608 1211 681 1276 illos
708 1216 802 1276 natos
837 1211 939 1293 domi,
976 1209 1094 1276 scelere
1122 1211 1176 1274 ad-

206 1295 304 1358 misso
328 1299 404 1358 'eum
425 1295 530 1376 patria
558 1299 665 1358 essent
693 1295 832 1378 expulsi,
859 1299 1005 1378 receptos
1035 1315 1103 1360 esse
1133 1297 1175 1360 ab

177 1377 469 1442 sAtheniensibus.
512 1378 568 1444 sed
599 1379 736 1442 maxime
765 1379 833 1443 eius
861 1378 1045 1462 eloquentia
1073 1379 1177 1444 eluxit

206 1459 339 1544 Spartae
360 1461 460 1546 legati
487 1467 561 1526 ante
588 1483 731 1547 pugnam
757 1461 968 1526 Leuctricam.
1012 1483 1176 1544 quocum

206 1545 351 1610 omnium
365 1545 526 1610 sociorum
540 1547 766 1612 convenissent
779 1547 888 1631 legati,
902 1567 1010 1611 coram
1023 1545 1174 1630 frequen·

204 1629 329 1696 tissimo
355 1629 554 1715 legationum
581 1633 742 1696 conventu
769 1631 815 1694 sic
844 1629 1174 1696 Lacedaemoniorum

203 1715 407 1795 tyrannidem
434 1713 595 1796 coarguit,
629 1717 666 1777 ut
699 1733 768 1777 non
797 1714 903 1778 minus
934 1713 991 1778 illa
1025 1715 1173 1779 oratione

205 1817 282 1879 opes
305 1817 415 1861 eorum
436 1797 632 1862 concusserit
646 1817 743 1880 quam
756 1795 925 1862 Leuctrica
945 1817 1064 1895 pugna.
1101 1802 1174 1863 tum

205 1881 291 1946 enim
312 1881 461 1964 perfecit,
485 1881 571 1964 quod
591 1883 666 1964 post
686 1882 852 1965 apparuit,
875 1885 912 1946 ut
933 1881 1052 1946 auxilio
1075 1881 1174 1948 Lace·

205 1963 366 2030 daemonii
387 1965 547 2030 sociorum
568 1965 781 2049 privarentur.

170 2046 188 2109 7
290 2048 400 2113 Fuisse
426 2049 602 2133 patientem
628 2070 823 2132 suorumque
849 2049 984 2114 iniurias
1012 2049 1173 2116 ferentem
1287 2053 1288 2076 ³

116 2196 118 2200 ,
204 2132 337 2211 civium,
373 2135 459 2214 quod
491 2153 524 2196 se
557 2133 678 2214 patriae
699 2133 794 2197 irasci
822 2133 913 2198 nefas
941 2153 1008 2198 esse
1031 2133 1171 2216 duceret,

203 2213 283 2278 haec
310 2218 386 2278 sunt
411 2215 605 2280 testimonia.
655 2236 729 2280 cum
756 2237 829 2280 eum
856 2221 988 2302 propter
1015 2217 1172 2282 invidiam

203 2299 288 2362 cives
310 2298 359 2363 sui
381 2299 721 2382 praeficereexercitui
740 2299 920 2366 noluissent
937 2301 1064 2385 duxque
1087 2306 1172 2367 esset

203 2381 343 2448 delectus
371 2382 450 2447 belli
476 2384 658 2467 imperitus,
689 2384 779 2450 cuius
807 2405 913 2450 errore
941 2406 978 2450 eo
1007 2389 1090 2450 osset
1118 2385 1171 2450 de·

203 2466 299 2532 ducta
325 2467 382 2532 illa
407 2466 579 2533 multitudo
606 2467 763 2552 militum,
790 2471 827 2533 ut
860 2489 970 2533 omnes
997 2468 1036 2534 de
1067 2469 1171 2534 salute

201 2553 477 2696 pertimescerent,
509 2550 595 2635 quod
627 2552 772 2617 locorum
804 2553 962 2637 angustiis
995 2552 1095 2618 clausi
1128 2557 1169 2618 ab

226 2636 348 2700 ostibus
376 2635 620 2718 obsidebantur,
642 2635 814 2702 desiderari
835 2640 949 2719 coepta
970 2642 1019 2702 est
1039 2635 1169 2721 Epami-

201 2717 328 2782 nondae
358 2719 540 2803 diligentia:
574 2723 643 2786 erat
669 2721 755 2784 enim
788 2721 835 2785 ibi
861 2721 1006 2804 privatus
1033 2741 1169 2796 numero

172 2801 324 2866 smilitis.
362 2824 466 2886 aquo
489 2824 561 2869 cum
582 2807 730 2888 peterent
750 2824 854 2887 opem,
876 2805 999 2869 nullam
1020 2805 1170 2870 adhibuit
1287 2855 1288 2900 ,

202 2886 388 2950 memoriam
404 2887 616 2951 contumelias
631 2892 664 2952 et
685 2887 858 2953 exercitum
873 2888 1039 2954 obsidione
1053 2889 1168 2953 libera
1287 2953 1288 2962 ,

172 2973 273 3034 ctum
288 2969 418 3034 domum
432 2969 559 3035 reduxit
573 2970 775 3037 incolumem.
812 2992 872 3038 nec
893 2993 968 3036 vero
991 2972 1054 3038 hoc
1069 2974 1168 3037 semel
1287 2981 1288 2996 ³

202 3052 287 3133 fecit,
310 3053 365 3117 sed
387 3055 522 3137 saepius.
565 3056 703 3120 maxime
725 3059 833 3120 autem
853 3055 916 3120 luit
937 3056 1073 3140 illustre,
1094 3078 1168 3122 cum

201 3137 236 3201 in
258 3135 516 3234 Peloponnesum
538 3140 712 3204 exercitum
733 3139 875 3204 duxisset
899 3139 1049 3206 aduersus
1071 3139 1168 3206 Lace·
1287 3142 1288 3200 l

201 3221 386 3286 deemomos
414 3221 610 3368 haberetrpue
631 3223 770 3308 collegas
799 3223 895 3307 duos,
924 3245 1062 3322 quorum
1086 3223 1169 3288 alter

200 3309 270 3370 erat
283 3303 462 3389 Pelopidas,
487 3306 537 3369 vir
573 3306 651 3370 ortis
666 3327 703 3371 ac
718 3311 875 3372 strenuus.
910 3308 946 3371 hr
968 3329 1041 3374 cum
1062 3309 1169 3372 crimi-

200 3388 295 3452 nibus
328 3388 581 3454 adversariorum
614 3411 725 3456 omnes
753 3393 788 3454 in
820 3391 975 3455 invidiam
1002 3392 1169 3458 venissent

201 3469 242 3530 ob
265 3491 396 3554 eamque
418 3494 486 3538 rem
507 3473 678 3556 imperium
699 3476 739 3538 iis
760 3479 844 3539 esset
857 3476 1047 3559 abrogatum
1068 3479 1168 3558 atqua
