2606 3940
401 236 483 285 xxv.
526 231 806 294 camoranam.
1025 223 1084 289 113

124 377 156 438 at
179 393 219 438 ue
240 371 302 437 hoe
328 371 513 454 priusquam
536 370 565 434 ei
580 369 746 454 accideret,
769 373 938 455 postquam
960 372 994 436 in
1018 372 1117 438 diosc

123 395 249 522 doiores
270 475 447 520 accrescere
469 454 637 538 febresque
649 453 820 553 accessisse
837 455 946 540 sensit,
968 457 1085 606 AgriE·

123 537 469 691 ilbibediiihinitndlbiiim
482 541 955 720 8ἕιιιίίἔιιθιίιὲιειῗῖιιι1αἷῗὲἴᾶᾑιιοξιῗιιιιοιια.ω
967 561 1027 689 heoos
1049 591 1086 690 ui
1099 639 1115 686 o

123 708 248 774 venisse
270 707 365 790 vidit,
395 706 429 770 in
452 706 595 772 cubitum
616 706 746 772 innixus
774 709 951 790 ‘quantam'
980 707 1086 792 inquit

124 799 244 858 ‘curam
278 790 539 875 diligentiamque
578 789 612 854 in
644 789 828 855 valetudine
866 811 936 856 mee
967 791 1086 858 tuenda

122 876 185 942 hoc
211 878 356 958 temporo
383 873 596 958 adhibuerim,
630 895 703 939 cum
734 895 792 939 vos
819 877 917 940 testes
939 874 1085 959 habeam,

123 959 206 1024 nihil
227 978 355 1024 necesse
378 961 425 1024 est
446 958 591 1042 pluribus
605 957 711 1022 r'erbia
727 977 984 1024 commemorare.
1018 961 1086 1044 qui·

123 1044 182 1109 bus
210 1042 376 1126 quoniam,
406 1044 442 1108 ut
460 1063 577 1126 spero,
604 1041 759 1126 satisfeci,
787 1063 839 1107 me
865 1042 949 1109 nihil
970 1043 1086 1128 reliqui

124 1127 251 1210 fecisse,
274 1125 360 1209 quod
383 1125 423 1189 ad
444 1125 621 1190 sanandum
642 1147 693 1190 me
739 1127 905 1210 artineret,
927 1125 1086 1211 reliquum

124 1214 172 1278 est
193 1213 230 1277 ut
245 1213 372 1358 effiomet
391 1209 472 1273 mihi
486 1209 659 1275 consulam.
696 1147 737 1273 id
744 1231 801 1274 vos
815 1210 966 1296 ignorare
980 1212 1085 1277 nolui:

123 1317 198 1360 nam
219 1295 264 1360 mi
289 1294 300 1358 i
322 1295 387 1358 stat
407 1292 492 1358 alere
513 1293 662 1359 morbum
683 1292 837 1359 desinere.
881 1315 1020 1379 namque
1034 1295 1115 1360 hiso

124 1379 234 1443 diebus
256 1376 412 1525 quidquid
433 1376 496 1441 cibi
523 1376 659 1461 sumpsi,
687 1377 733 1442 ita
754 1377 892 1461 produxi
913 1379 1027 1464 vitam,
1049 1382 1086 1444 ut

124 1462 267 1527 auxerim
297 1460 336 1527 do
351 1481 422 1526 ores
455 1460 524 1526 sine
556 1481 611 1544 ape
642 1460 763 1526 salutis.
820 1483 917 1546 quare
948 1485 968 1527 a
995 1464 1086 1529 vobis

125 1547 198 1630 peto
219 1545 359 1629 primum
402 1548 440 1608 ut
460 1543 629 1609 consilium
650 1545 792 1642 probetis
814 1567 935 1630 meum,
961 1546 1085 1630 deinde,

125 1649 166 1692 no
187 1627 305 1694 frustra
326 1594 526 1694 dehortando
548 1628 701 1712 impedrra
723 1628 906 1696 conemini’.

207 1711 276 1778 Hac
296 1713 451 1778 'oratione
472 1711 582 1777 habita
603 1715 695 1778 tanta
721 1714 902 1780 constantia
929 1715 1017 1781 vocis
1039 1713 1142 1780 abac·

124 1817 186 1878 que
208 1797 324 1880 vultus,
346 1801 471 1862 utnon
494 1818 533 1862 ex
553 1795 629 1894 vita,
652 1796 707 1862 sed
729 1818 768 1863 ex
788 1796 882 1864 domo
905 1799 940 1862 in
954 1798 1084 1864 domum

125 1878 286 1945 videretur
306 1881 455 1966 migrare,
478 1901 549 1945 cum
571 1879 700 1962 quadem
726 1882 873 1966 Agrippa
905 1904 977 1948 eum
1004 1883 1084 1949 flens
1099 1895 1125 1943 2.

125 1965 221 2045 atque
248 1964 395 2029 osculans
423 1969 531 2029 oraret
552 1971 648 2047 atque
670 1965 860 2048 obsecraret,
882 1985 923 2032 ne
945 1965 978 2030 id
1000 1966 1086 2050 quod

124 2051 241 2112 natura
260 2051 397 2134 cogeret,
419 2047 488 2131 ipsa
509 2067 637 2132 quoque
658 2047 719 2113 sibi
734 2048 932 2133 acceleraret,
956 2053 988 2115 at
1009 2069 1086 2135 quo·

33 2180 35 2199 .
125 2131 212 2196 niam
238 2133 306 2197 tum
333 2151 461 2216 quoque
483 2136 592 2215 posset
618 2133 815 2216 temporibus
843 2154 1022 2219 superesse,
1052 2155 1086 2200 se

124 2214 185 2282 sibi
212 2216 339 2300 suisque
377 2218 567 2300 reservaret,
600 2237 709 2300 preces
745 2217 813 2286 eius
839 2219 1001 2284 taciturna
1027 2239 1085 2284 sua

36 2333 38 2340 ·
125 2299 339 2365 obstinatione
362 2300 527 2398 depressit.
570 2299 615 2364 sio
637 2320 709 2364 cum
730 2300 871 2379 biduum,
884 2303 955 2367 cibo
975 2323 1009 2367 se
1031 2303 1116 2367 aba

32 2456 35 2465 Ι
125 2381 303 2464 stinuisset,
335 2385 442 2447 aubrto
470 2382 569 2448 febris
597 2383 732 2447 decessit
764 2384 928 2468 leviorque
954 2386 1086 2450 morbus

125 2485 193 2530 esse
214 2465 328 2552 coepit.
364 2469 473 2530 tamen
487 2465 688 2549 propositum
709 2465 812 2532 nihilo
834 2467 936 2532 secius
950 2469 1084 2566 peregit.

31 2606 33 2617 .
124 2549 232 2696 itaqua
259 2549 309 2613 die
341 2549 470 2632 quinto,
503 2553 674 2698 postqgam
701 2550 734 2615 id
762 2551 941 2620 consilium¹
958 2555 1084 2636 mrerat,

146 2633 175 2698 ri
197 2632 227 2698 ia
254 2631 325 2698 Kal.
353 2633 482 2716 Apriles
510 2631 570 2699 Cn.
625 2634 737 2700 omitio
765 2635 800 2703 O.
823 2634 915 2702 Sosio
945 2636 1085 2702 consuli·

123 2655 184 2781 bus
211 2715 353 2782 decessit.
397 2715 499 2782 elatus
520 2719 571 2782 est
592 2717 627 2781 in
653 2717 815 2804 lecticula,
842 2724 879 2786 ut
905 2721 973 2804 ipse
994 2732 1117 2806 prae-c

124 2800 307 2884 scripserat,
340 2798 409 2865 sine
441 2799 509 2866 ulla
540 2819 661 2884 pompa
686 2801 823 2886 funeris,
855 2806 1083 2872 comitantibus

113 2883 274 2949 'omnibus
299 2884 408 2968 bonis,
434 2883 574 2950 maxima
595 2883 686 2970 vulgi
707 2884 896 2969 frequentia.
940 2890 1084 2972 sepultus

125 2967 173 3029 est
192 2965 282 3031 iuxta
302 2967 388 3032 viam
409 2968 549 3066 Appiam
576 2968 617 3032 ad
639 2967 787 3116 quintum
804 2969 942 3056 lapidem
963 2972 998 3038 in
1017 2993 1084 3038 mo·

100 3052 277 3114 numento
300 3049 337 3126 Q.
360 3050 499 3138 Caecilii,
522 3050 674 3118 avuncui
696 3053 754 3118 sui.
