2590 3946
422 269 482 318 vn.
508 269 727 319 rnersrsess.
750 265 816 323 aa.
1055 255 1098 320 29

133 425 219 468 nam
245 425 316 468 cum
349 403 435 486 apud
467 407 576 490 Aegos
608 405 727 468 flumen
759 403 934 489 Philocles,
969 410 1099 489 praeter

135 488 393 570 Atheniensium,
406 488 537 552 classem
552 489 769 553 constituisset
783 509 873 552 suam
886 509 991 572 neque
1000 490 1098 588 longe

135 574 261 636 abesset
281 571 460 656 Lysander,
482 576 610 656 praetor
631 571 964 657 Lacedaemoniorum,
987 574 1042 657 qui
1064 595 1098 638 m

136 676 175 720 eo
197 660 266 722 erat
287 659 460 739 cecupatus
481 661 518 720 nt
537 655 658 720 bellum
684 677 780 740 quam
808 657 985 721 diutissime
1007 657 1098 721 duee·

134 744 194 822 ret,
217 739 304 823 quod
324 741 402 824 ipsis
417 740 583 828 pecuniae
603 759 679 824 rege
694 739 965 825 suppeditabatur,
987 745 1099 822 eontra

135 823 389 889 Atheniensibus
411 824 572 889 exhaustis
615 828 720 888 raeter
739 845 828 890 arma
848 828 882 889 et
895 845 993 889 naves
1015 825 1098 888 nihil

135 912 206 972 erat
226 929 332 992 super,
353 907 536 972 Alcibiades
620 908 793 972 exereitum
814 908 904 973 venit
920 909 1127 974 Athenien-a

136 993 221 1056 sium
235 991 345 1075 ubique
360 995 527 1076 praesente
542 991 641 1076 vulgo
663 1011 757 1076 egere
779 993 898 1078 eoepit:
921 994 947 1056 si
969 993 1098 1078 vellent,

135 1096 170 1139 se
192 1079 376 1141 coaeterum
397 1075 599 1159 Lysandrum
615 1075 766 1140 dimicare
788 1079 845 1140 aut
865 1095 976 1158 pacem
1014 1081 1099 1142 etere

134 1159 325 1243 spopondit:
347 1159 617 1224 Lacedaemonios
632 1180 670 1224 eo
692 1159 780 1224 nolle
802 1160 900 1224 elasse
916 1181 977 1225 con
1003 1162 1099 1246 'gere

136 1243 223 1326 quod
243 1243 442 1327 pedestribus
464 1242 565 1328 copiis
609 1244 660 1308 lus
681 1263 778 1326 quam
790 1244 926 1309 navibus
941 1245 1098 1310 valerent:

135 1328 197 1391 sibi
229 1331 336 1392 autem
368 1347 436 1392 esse
468 1327 563 1392 facile
634 1328 759 1412 nthem,
791 1348 901 1413 regem
927 1327 1127 1413 Thracum,a

134 1411 355 1476 adducerent
382 1433 455 1476 eum
482 1415 570 1475 terra
590 1411 777 1495 depelleret:
821 1433 864 1476 uo
884 1411 970 1477 facto
992 1433 1099 1478 neces-

135 1496 220 1560 sario
242 1499 299 1560 aut
319 1494 419 1558 classe
440 1493 663 1558 conflicturum
683 1499 740 1558 aut
765 1433 886 1559 behem
908 1497 1100 1581 compositu·

135 1599 218 1644 rum.
260 1578 295 1642 id
316 1578 376 1642 etsi
397 1597 472 1644 vere
493 1577 613 1642 dictum
632 1577 793 1642 Philocles
815 1579 1129 1660 animadvertebam

134 1670 244 1728 tamen
265 1663 429 1746 postulata
449 1661 555 1726 facere
575 1663 690 1746 noluit,
713 1661 800 1760 quod
814 1662 973 1727 sentiebat
993 1685 1027 1728 se
1042 1665 1099 1728 Al·

134 1746 259 1812 oibiade
280 1747 408 1831 recepte
430 1746 549 1811 nullius
571 1749 727 1811 momentr
748 1746 834 1829 apud
854 1747 1028 1812 exereitum
1049 1747 1098 1813 fu·

131 1837 244 1896 turum
276 1834 323 1914 et,
354 1831 382 1894 si
410 1829 487 1914 quid
507 1829 638 1895 secundi
660 1830 831 1913 evenisset,
859 1831 982 1895 nullam
1004 1832 1039 1896 in
1061 1854 1098 1896 ea

135 1936 171 1979 rc
192 1935 283 1980 suam
297 1918 422 1998 partem
441 1913 521 1998 iore,
543 1917 655 1978 contra
677 1935 724 1998 ea,
746 1915 775 1978 si
789 1913 866 1997 quid
880 1914 1004 1979 adversi
1019 1917 1099 1980 acci-

134 1999 244 2080 disset,
267 2019 300 2062 re
321 2019 422 2063 unum
444 1997 511 2063 eius
534 1996 641 2062 delicti
662 1997 807 2062 futurum
828 2017 928 2062 reum
972 1999 1013 2062 ab
1034 1999 1097 2063 hoe
1111 2011 1139 2061 ι’

135 2082 300 2147 discedens
322 2082 505 2147 Alcibiades
527 2081 703 2166 ‘quoniam’
729 2082 837 2165 inquit
858 2081 1023 2146 ‘victoriae
1043 2103 1100 2166 pa·

135 2168 217 2232 triae
237 2185 413 2252 repugnas,
445 2165 526 2230 illud
557 2185 689 2249 moneo,
721 2167 812 2231 iuxta
842 2166 967 2231 hostem
995 2171 1099 2231 castra

136 2251 256 2316 habeas
277 2251 421 2315 nautica:
443 2251 620 2335 perieulum
642 2254 690 2314 est
711 2250 812 2332 enim,
834 2269 876 2313 ne
898 2251 1099 2315 immodestia

137 2335 276 2399 militum
298 2339 486 2398 vestrorum⁴
497 2335 623 2398 occasio
637 2333 729 2396 detur
742 2333 908 2416 Lysandro
923 2335 1021 2399 vestri
1043 2356 1099 2418 op·

161 2417 297 2482 rimendi
312 2417 489 2484 exereitus’.
517 2437 623 2499 neque
638 2437 676 2479 ea
689 2437 740 2480 res
753 2416 846 2479 illum
859 2415 985 2481 fefellit.
1020 2431 1127 2482 name

137 2441 311 2586 Lysander,
333 2521 406 2564 eum
427 2519 485 2582 per
502 2499 716 2582 speculatores
738 2499 944 2582 comperisset
965 2500 1097 2584 vulgum

137 2583 384 2652 Atheniensium
405 2582 440 2646 in
462 2585 580 2646 terram
601 2581 788 2664 praedatum
814 2581 915 2646 exisse
937 2602 1097 2668 navesque

136 2689 239 2753 paene
260 2667 373 2732 inanes
394 2665 537 2751 relictas,
564 2670 690 2749 tempus
717 2666 763 2729 rei
781 2665 942 2812 gerendae
963 2687 1031 2731 nen
1052 2669 1097 2734 di-

137 2755 225 2818 misit
247 2773 348 2834 eoque
369 2752 492 2834 impetu
513 2748 633 2814 bellum
655 2751 759 2814 totum
802 2749 908 2813 elevit.

221 2840 267 2900 At
293 2834 491 2918 Alcibiades,
519 2834 612 2898 vietis
646 2833 896 2898 Atheniensibus
924 2855 991 2898 non
1020 2835 1135 2900 satist

141 2924 208 2990 sua
230 2921 338 2984 eadem
360 2919 431 2982 loca
452 2917 514 2982 sibi
533 2918 701 3000 arbitrans,
722 2917 851 3000 penitus
873 2917 908 2980 in
929 2917 1098 2982 Thraciam

134 3025 173 3072 ae
193 3024 290 3088 supra
309 3001 540 3086 Propontidem
562 3001 697 3083 abdidit,
725 3021 741 3064 s
764 3021 857 3065 erans
872 3001 923 3064 ibi
946 3001 1098 3065 facillime

130 3108 228 3154 seam
250 3087 413 3150 fortunam
441 3085 542 3150 occuli
569 3105 672 3168 possa.
715 3021 807 3181 falso.
851 3105 926 3182 nam
948 3084 1127 3169 Thraessa

136 3176 308 3256 postquam
336 3191 407 3234 eum
437 3189 509 3233 cum
536 3189 654 3253 magne
680 3189 815 3251 pecunia
842 3189 966 3233 venisse
993 3190 1098 3234 sense·

137 3259 222 3338 runt,
245 3252 377 3318 insidias
398 3251 557 3317 fecerunt:
580 3253 635 3336 qui
656 3273 704 3334 ea,
727 3273 808 3336 quae
826 3256 1021 3336 apportarat,
1044 3253 1097 3314 ab·

135 3341 306 3420 stulerunt,
327 3337 433 3420 ipsum
455 3355 566 3418 capere
587 3357 654 3401 non
673 3339 857 3420 potuerunt.
893 3337 948 3400 ille
963 3348 1125 3400 cernenss

136 3424 262 3488 nullum
283 3422 390 3487 locum
412 3419 473 3483 sibi
494 3423 599 3482 tutum
620 3421 655 3483 in
678 3420 811 3484 Graecia
833 3423 965 3502 propter
984 3423 1097 3502 poten-

130 3509 214 3573 tiam
237 3503 561 3574 Lacedaemoniorum
588 3503 628 3567 ad
649 3503 893 3568 Pharnabazum
920 3503 955 3566 in
985 3505 1094 3568 Asiam
