2606 3940
424 256 506 304 xxv.
544 253 699 304 armeus.
721 250 747 300 a.
772 251 811 300 ro.
1041 241 1102 306 105

139 411 220 474 quaa
241 391 486 458 nulliseasibus
512 390 654 474 agitatur
672 409 778 472 nequa
799 387 963 472 miquitur.
998 390 1132 456 hostica

138 475 302 540 Antonius
328 477 487 542 iudicatus
507 473 603 539 Italia
629 477 782 538 cesserat:
814 493 887 557 spes
914 473 1103 539 restituendi

140 559 228 623 nulla
250 562 327 624 erat.
363 581 432 624 non
447 558 550 623 solum
571 557 704 640 inimici,
727 557 783 654 qui
800 561 870 622 tum
885 561 977 656 erant
990 561 1102 656 poten·

139 643 254 707 tissimi
268 646 308 708 ¹et
327 644 469 742 plurimi,
491 641 664 707 sedetiam
686 661 742 725 qur
764 639 952 708 adversatus
979 663 1102 710 eiusce

139 726 258 791 dabant
279 729 313 792 et
332 749 368 792 m
390 749 428 793 eo
450 725 604 791 laedendo
626 725 768 809 aliquam
785 729 1012 792 consecuturos
1033 747 1102 809 spe·

138 811 254 876 rabant
281 811 553 892 commoditatem,
586 810 723 874 Antonii
755 810 929 875 familiares
956 810 1102 907 inseque-

139 897 279 982 bantur,¹
307 917 439 961 uxorem
471 893 619 958 fulviam
655 893 803 959 omnibus
838 895 933 960 rebus
963 894 1102 978 spoliare

139 979 323 1062 cupiebant,
346 981 466 1044 liberos
487 979 583 1043 etiam
598 977 801 1062 exstinguere
815 979 982 1061 parabant.
1017 978 1132 1042 Atti-a

139 1083 204 1145 cus,
227 1083 300 1127 cum
315 1063 478 1129 Ciceronis
492 1061 607 1126 intima
620 1061 838 1126 familiaritate
853 1063 1004 1144 uteretur,
1026 1063 1103 1126 ami·

140 1146 285 1212 sissimus
306 1151 389 1214 esset
403 1147 516 1230 Bruto,
537 1167 606 1210 non
626 1145 722 1211 modo
743 1145 827 1210 nihil
848 1145 887 1209 iis
907 1145 1042 1210 indulsit
1062 1147 1102 1210 ad

139 1231 319 1297 Antonium
333 1231 530 1314 violandum,
552 1228 608 1295 sed
629 1230 823 1294 econtrario
838 1229 1012 1294 familiares
1035 1229 1102 1294 eius

140 1335 178 1380 ex
199 1315 278 1381 urbe
323 1314 531 1402 refugientes,
554 1316 709 1398 quantum
753 1312 852 1397 otuit,
874 1313 955 1379 texit
987 1312 1103 1397 quibus

140 1401 235 1464 rebus
255 1338 479 1484 mllguemnt,
510 1397 641 1462 adiuvit
684 1335 801 1462 Pallio
823 1417 900 1462 vero
924 1361 1101 1463 V’olumnio
1116 1399 1149 1458 ι’

140 1503 179 1548 ca
205 1482 334 1580 tribuit,
367 1486 404 1548 ut
431 1483 525 1566 plura
553 1503 573 1546 a
699 1483 731 1546 te
763 1481 922 1564 proficisci
954 1502 1022 1546 non
1047 1502 1104 1564 po·

140 1567 270 1631 tuerint.
322 1566 518 1649 1psiautem
549 1563 576 1628 F
613 1565 698 1648 viae,
731 1584 804 1630 eum
832 1565 943 1630 litibus
974 1565 1103 1630 distine-

140 1654 230 1715 retur
243 1650 434 1736 magnisque
448 1649 624 1715 terroribus
638 1651 816 1737 vexqretur,
830 1651 922 1714 tanta
936 1648 1104 1746 diligentia

141 1733 283 1800 officium
306 1757 399 1800 auum
421 1734 596 1819 praestitit,
624 1737 661 1798 ut
680 1732 806 1798 nullum
827 1732 885 1799 illa
912 1733 1030 1798 stiterrt
1050 1755 1103 1797 va·

141 1818 318 1885 dimonium
333 1819 403 1884 sine
417 1821 537 1896 Attico,
558 1807 694 1901 sponsor
708 1817 852 1882 omnium
866 1838 973 1882 rerum
995 1818 1102 1882 fuerit.

141 1902 220 1985 quin
242 1903 349 1985 etiam,
371 1923 443 1968 cum
465 1902 522 1967 illa
543 1900 679 1966 fundum
700 1901 838 1966 secunda
859 1901 991 1966 fortuna
1012 1902 1133 1966 emis-5

141 1988 190 2050 set
210 1985 245 2050 in
268 1985 351 2050 diem
372 2007 478 2069 neque
497 1989 572 2068 post
585 1984 800 2050 calamitatem
814 2005 977 2050 versuram
997 1983 1103 2049 faeere

140 2069 307 2154 potuisset,
322 2070 377 2135 ille
387 2091 421 2136 se
435 2070 629 2168 interposuit
642 2067 878 2167 pecuniamque
889 2069 958 2133 sine
971 2067 1104 2134 faenore

7 2207 8 2214 ,
141 2154 274 2238 sineque
295 2155 362 2220 ulla
389 2154 598 2239 stipulatione
619 2151 767 2236 credidit,
794 2173 969 2218 maximum
997 2152 1105 2218 existi-

139 2259 232 2303 mans
259 2242 443 2323 quaestum,
470 2259 644 2304 memorem
665 2241 856 2322 gratumque
877 2238 1038 2335 cognosci,
1064 2239 1105 2303 si·

141 2322 272 2405 mulque
293 2323 440 2405 aperiens
461 2343 495 2388 se
508 2343 578 2388 non
591 2322 750 2404 fortunae,
772 2321 829 2386 sed
848 2322 1034 2386 hominibus
1055 2343 1104 2386 so·
1136 2326 1138 2330 ’

141 2407 217 2469 lere.
234 2425 302 2469 esse
330 2405 476 2470 amicum.
521 2425 602 2489 quae
628 2426 701 2470 cum
726 2404 879 2486 faciebat,
905 2424 1001 2468 nemo
1030 2419 1134 2468 eume

107 2557 108 2560 ,
142 2487 295 2572 temporis
330 2509 425 2553 causa
456 2488 562 2553 facere
588 2489 717 2585 poterat
747 2487 943 2552 existimare:
981 2487 1104 2552 nemini

141 2572 228 2638 enim
257 2572 293 2638 iu
315 2572 502 2656 opinionem
523 2571 672 2637 vomebat
691 2571 873 2636 Antonium
893 2590 1001 2636 rorum
1021 2573 1104 2654 poti-

141 2661 258 2723 turum.
310 2657 367 2722 sed
399 2677 510 2722 sensus
543 2656 611 2722 eius
646 2677 665 2719 a
696 2655 863 2752 nonnullis
895 2654 1132 2752 optimatibust

140 2737 986 2921 zutltffst‘atf{affuturam
1003 2757 1104 2888 tlt?

141 2927 211 3054 pere
235 2931 298 3056 per
319 2913 403 2974 esset
422 2908 623 2990 intuebatur,
651 2927 747 2992 quam
769 2906 847 2990 quid
868 2905 924 2971 alii
944 2905 1104 2972 laudaturi

156 3012 258 3056 oren.

227 3075 389 3142 Conversa
409 3077 515 3142 subito
529 3075 662 3142 fortuna
682 3079 739 3141 est.
776 3078 814 3141 ut
826 3075 991 3141 Antonius
1007 3075 1102 3142 rediit
1115 3075 1155 3140 10

140 3157 343 3244 imltaliam,
370 3181 465 3226 nemo
492 3181 561 3225 non
586 3179 705 3245 magno
732 3159 767 3224 in
795 3160 938 3244 periculo
960 3159 1104 3224 Atticum

163 3247 270 3309 utarat
290 3247 423 3328 propter
443 3245 591 3309 intimam
611 3243 864 3308 familiaritatem
886 3243 1050 3310 Ciceronis
1071 3246 1105 3307 et

140 3267 245 3394 lauti.
299 3328 408 3412 itaque
435 3329 476 3392 ad
497 3327 670 3393 adventum
699 3328 928 3412 imperatorum
959 3325 998 3390 de
1029 3326 1132 3391 foroa

141 3412 333 3497 decesserat,
361 3412 479 3478 timeus
504 3413 787 3497 proscriptionem,
814 3412 997 3493 latebatque
1018 3410 1103 3494 apud

142 3496 177 3590 Ρ.
201 3497 421 3582 Volumnium,
444 3497 505 3581 cui,
527 3500 564 3562 ut
578 3496 784 3579 ostendimus,
806 3495 903 3582 paulo
919 3497 993 3558 ante
1009 3514 1101 3578 opem
