2590 3946
202 254 242 323 14
476 272 515 321 11.
547 269 885 321 resurrecturam.

202 409 328 506 magnis
355 407 540 504 muneribus
567 408 607 470 ab
634 389 816 506 Aitarerre,
833 407 969 506 donatus
995 409 1029 472 in
1052 408 1163 477 Asiam

170 511 186 562 c
201 492 297 556 redut
318 490 576 588 domrcrhumque
592 489 627 554 M
693 513 776 556 esrae
790 493 857 592 s1b1⁸
867 493 1041 592 constituit.
1075 515 1164 592 nam·

128 671 132 682 ·
201 575 1163 828 tlthtntslibimpitiiiabimiahiiglliiiuliilt

200 765 285 830 gena
304 742 426 807 talenta
440 743 614 826 quotannis
629 743 776 807 redibant
791 792 800 825 ,
822 743 1030 828 Lampsacum
1046 749 1162 828 autem,
1293 759 1294 806 ἑ

203 828 284 892 ande
312 829 422 891 vinum
456 830 609 909 sumeret,
643 825 793 910 Myunta,
827 847 865 890 ex
899 850 962 911 qua
994 830 1161 894 obsonium
1293 837 1294 920 ζ

199 913 388 1058 habelidius
411 995 451 1058 ad
472 999 615 1060 nostram
638 996 825 1061 memoriam
847 1002 1055 1062 monumenta
1075 1019 1163 1062 man·

201 1082 312 1144 serunt
333 1078 413 1144 duo:
437 1079 640 1162 sepulchrum
662 1101 762 1162 prope
786 1081 949 1178 oppidum,
971 1081 1006 1144 in
1029 1102 1092 1163 quo
1116 1086 1163 1145 est

170 1163 354 1247 4sepultur,
377 1165 482 1226 statua
502 1165 537 1227 in
558 1163 630 1228 foro
653 1163 846 1249 Magnearae.
888 1163 927 1227 de
949 1165 1038 1229 cuius
1060 1169 1163 1228 morte
1293 1171 1294 1202 l

70 1282 71 1286 =
199 1247 308 1312 multis
330 1246 433 1311 modis
461 1246 545 1330 apud
589 1247 736 1394 lerospue
758 1249 912 1332 scriptum
934 1251 998 1331 est,
1026 1248 1081 1312 sed
1102 1269 1163 1312 nos
1293 1269 1294 1292 ι

200 1331 335 1396 eundem
349 1330 552 1415 potissimum
617 1351 679 1415 ucy
701 1331 784 1395 idern
800 1334 961 1396 auctorem
979 1331 1162 1415 probamus,
1293 1355 1294 1404 l

200 1417 255 1499 qui
277 1415 368 1478 illum
390 1415 437 1478 ait
457 1413 642 1501 Magnesiae
664 1417 777 1480 morbo
799 1419 960 1480 mortuum
982 1436 1086 1499 neque
1108 1437 1162 1479 ne·
1293 1463 1294 1478 ι

199 1503 256 1585 gat
276 1499 374 1564 fuisse
401 1497 536 1582 famam,
564 1519 724 1564 venenum
754 1521 811 1563 sua
838 1503 952 1583 sponte
980 1501 1161 1582 sumpsisse,

200 1604 272 1648 cum
287 1604 336 1666 se,
359 1603 441 1666 quae
455 1584 524 1668 regi
547 1584 585 1647 de
609 1583 744 1648 Graecia
766 1583 975 1667 opprimenda
999 1583 1161 1666 pollicitus

169 1667 299 1751 5esset,
330 1669 492 1750 praestare
521 1688 616 1750 posse
645 1667 835 1750 desperaret.
883 1667 965 1730 idem
994 1687 1066 1730 ossa
1094 1669 1161 1730 eius

199 1750 281 1815 clam
301 1751 336 1814 in
358 1749 468 1813 Attica
495 1752 535 1813 ab
558 1750 667 1815 amicis
695 1772 728 1814 se
751 1751 835 1834 ulta,
863 1748 1015 1834 quoniam
1036 1751 1161 1834 legibus
1291 1805 1292 1810 ,

198 1855 266 1899 non
288 1833 528 1916 concederetur,
551 1835 636 1918 quod
664 1773 750 1918 prod

199 1917 371 1984 memoriae
393 1917 543 2000 prodidit.

488 2267 554 2345 ιιι.
605 2270 865 2348 sarsrmss.
932 2219 938 2228 ’

165 2427 181 2488 1
283 2420 450 2503 Aristides,
466 2418 647 2502 Lysimachi
662 2420 756 2505 filius,
778 2420 995 2505 Atheniensis,
1018 2421 1159 2506 aequalis
1293 2463 1294 2486 ι

198 2506 264 2570 fere
285 2505 349 2570 fuit
369 2502 586 2568 Themistocli.
630 2504 737 2588 itaque
759 2523 832 2569 cum
854 2525 892 2570 eo
915 2506 952 2570 de
979 2507 1159 2588 principatu

745 1835 855 1899 itioris
878 1838 962 1900 essct
983 1833 1160 1917 damnatus,
1293 1845 1294 1878 ³

168 2589 379 2654 acontendit:
417 2609 556 2671 namque
589 2589 808 2653 obtrectarunt
834 2588 919 2652 inter
950 2609 993 2652 se.
1042 2591 1077 2650 in
1109 2589 1160 2650 his
1260 2649 1261 2652 ,
1293 2611 1294 2670 ι

198 2677 305 2736 autem
333 2672 499 2756 cognitum
526 2673 589 2755 est,
622 2676 743 2754 quanto
776 2675 951 2736 antestaret
976 2670 1161 2754 eloquentia
1293 2701 1294 2754 p

197 2756 410 2820 innocentiae.
455 2776 648 2838 quamquam
676 2757 761 2820 enim
789 2755 867 2819 adeo
894 2755 1068 2820 excellebat
1088 2755 1161 2818 Ari·
1293 2765 1294 2774 ’

199 2840 296 2904 stider
318 2839 521 2935 abstinentia,
543 2842 581 2902 ut
594 2843 679 2936 unus
691 2843 766 2922 post
781 2839 948 2936 hominum
963 2839 1160 2936 memoriam,

109 3005 114 3012 .
198 2944 293 3007 quem
316 2921 444 3006 quidem
465 2943 525 2987 nos
548 2922 755 3020 audies-nnus,
778 2941 970 3008 cognomrne
989 2921 1096 2987 Iustus
1119 2928 1161 2986 srt

198 3031 218 3071 a
240 3007 386 3091 pellatus,
408 3010 518 3071 tamen
532 3027 552 3069 a
566 3006 780 3072 Themrstocle
795 3006 1021 3071 collabefactus
1043 3007 1161 3073 testrla

168 3030 256 3155 sidia
285 3091 380 3155 exilio
409 3091 516 3155 decem
545 3111 702 3155 annorum
729 3090 882 3155 multatus
909 3095 966 3156 est
1009 3093 1064 3175 qui
1092 3091 1161 3174 qui·

200 3175 271 3241 dem
300 3195 372 3238 oum
393 3175 596 3260 intellegeret
616 3175 745 3257 reprimi
767 3177 959 3240 concitatam
984 3175 1162 3240 multitudi-

186 3281 273 3358 -nem
293 3279 361 3323 non
382 3279 485 3342 posse,
507 3259 686 3405 cedenscpue
707 3259 982 3358 animadvertisset
1001 3259 1161 3358 quendam

199 3345 401 3426 scribentem,
422 3347 460 3408 ut
496 3345 578 3407 atrra
591 3364 631 3426 pe
645 3343 773 3427 leretur,
795 3364 955 3427 quaesrsse
970 3344 1009 3406 ab
1032 3364 1070 3407 eo
1086 3343 1162 3408 dicr-

198 3432 267 3510 tur,
294 3447 392 3512 quare
413 3426 446 3490 id
474 3431 580 3491 aceret
593 3429 649 3491 aut
663 3426 740 3511 quid
761 3428 918 3492 Aristides
941 3427 1161 3510 commisisset,

170 3523 257 3575 ecur
278 3515 369 3576 tanta
383 3532 488 3594 poena
503 3510 619 3596 dignus
641 3511 817 3576 duceretur.
854 3513 905 3578 cui
919 3511 974 3576 ille
996 3512 1162 3597 respondit
1293 3511 1294 3552 ³
