2606 3940
214 221 256 286 56
488 234 546 282 xv.
589 231 853 282 arumnorum.
876 230 901 280 a

186 373 337 453 arentin,
359 369 506 434 mittunt:
529 367 641 434 deinde
655 369 717 468 ipsi
731 372 807 432 sunt
826 369 997 462 congressi.
1033 369 1088 434 hro
1104 392 1176 436 curn

215 453 410 539 aliquamdiu
432 454 467 517 in
488 453 649 535 colloquio
663 453 800 516 tuissent
821 456 853 516 et
875 452 997 518 diverse
1019 453 1175 520 discessis-

215 542 288 604 sent
317 539 444 622 iamque
471 536 583 622 procul
615 536 768 600 Datames
794 537 933 620 abesset,
964 536 1177 624 Mithridates,

214 623 403 708 priusquam
424 621 464 686 ad
485 641 559 686 suos
573 620 763 704 perveniret,
786 641 827 685 ne
850 642 947 702 quam
960 622 1178 706 suspicionem

214 711 354 791 pareret,
376 708 412 770 in
433 707 569 770 eundem
590 705 696 778 locum
722 703 893 771 revertitur
920 709 1016 788 atque
1037 706 1098 790 ibi,
1120 708 1178 773 ubi

215 791 315 867 telum
343 793 410 854 erat
437 790 609 869 infossum,
636 787 766 871 resedit,
791 791 828 853 ut
856 789 883 852 si
909 789 1095 854 lassitudine
1125 813 1179 858 cu·
1294 855 1295 860 ,

215 879 305 960 peret
332 875 545 957 acquiescere,
572 872 793 954 Datamenque
820 873 996 956 revocavit,
1022 873 1178 942 simulans

186 973 250 1023 use
273 956 423 1040 quiddam
444 957 479 1022 in
500 957 660 1040 colloquio
685 977 756 1052 esse
785 955 930 1020 oblitum.
974 958 1103 1054 interim
1130 963 1178 1024 te·

214 1043 296 1206 tlte
315 1040 882 1220 resecuerunt
901 1047 1179 1221 tffitl?

215 1209 431 1294 madvertisse,
453 1209 559 1274 locum
580 1207 748 1292 quendam,
772 1230 828 1289 qur
846 1211 914 1272 erat
934 1229 970 1272 rn
992 1213 1177 1294 conspectu,

186 1293 258 1358 ead
279 1296 382 1357 caena
402 1293 552 1376 ponenda
573 1312 641 1357 esse
658 1291 819 1356 idoneum.
863 1313 958 1375 quem
980 1313 1052 1358 cum
1074 1293 1178 1379 digito

216 1377 448 1442 demonstraret
468 1379 500 1441 et
521 1376 575 1440 ille
596 1378 776 1460 respiceret,
799 1397 945 1441 aversum
966 1377 1051 1442 forro
1074 1379 1178 1444 eans-

214 1461 286 1526 fixit
316 1460 481 1545 priusque,
515 1482 612 1543 quam
644 1460 811 1544 quisquam
843 1465 952 1544 posset
983 1481 1178 1546 succurrere,

214 1544 385 1610 interfecit.
421 1545 467 1609 ita
488 1544 543 1610 ille
558 1545 616 1626 vir,
638 1545 694 1627 qui
708 1544 827 1608 multos
849 1544 992 1627 consilio,
1014 1546 1176 1612 neminem
1294 1583 1295 1586 ¹

214 1628 348 1716 perfidia
369 1633 510 1713 ceperat,
533 1627 682 1694 simulata
704 1632 815 1712 captus
838 1633 886 1693 est
908 1628 1057 1696 amicitia.
1294 1651 1295 1664 ¹

598 1867 797 1876 1—-0-0—1-——n

454 2049 530 2124 XV.
581 2049 933 2125 EPANHNONDAS.

182 2217 197 2278 1
297 2212 552 2310 Epaminondas,
573 2203 772 2298 Polymnidis
793 2215 888 2298 filius,
911 2215 1091 2282 Thebanus.
1137 2221 1178 2284 de

213 2299 276 2363 hoc
290 2319 477 2382 priusquam
491 2299 666 2382 scribimus,
689 2298 767 2364 haec
781 2299 1006 2383 praecipienda
1025 2301 1178 2366 videntur

215 2382 401 2480 lectoribus,
423 2401 465 2448 ne
479 2382 601 2454 alienos
622 2403 726 2448 mores
747 2382 788 2446 ad
813 2405 888 2448 suos
909 2384 1065 2469 referant,
1092 2387 1198 2452 neve‘

215 2488 262 2550 es,
285 2487 365 2551 quae
386 2467 464 2550 ipsis
485 2467 607 2532 leviora
628 2471 712 2550 sunt,
737 2467 808 2550 pari
828 2466 923 2532 modo
946 2470 1031 2552 apud
1052 2472 1177 2535 ceteros

184 2551 314 2615 afuisse
330 2551 533 2616 arbitrentur.
570 2552 685 2616 scimus
708 2551 794 2615 enim
810 2551 952 2616 musicen
966 2553 1085 2618 nostris
1106 2576 1177 2618 mo·

213 2635 302 2698 ribus
324 2635 432 2698 abesse
454 2657 473 2699 a
493 2635 647 2719 principis
667 2656 815 2718 persona,
839 2635 955 2699 saltare
977 2657 1053 2702 vero
1076 2637 1178 2702 etiam

214 2718 249 2782 in
263 2717 351 2782 vitiis
372 2719 467 2802 poni:
496 2740 577 2803 quae
599 2719 707 2784 onmia
721 2717 806 2802 apud
814 2718 959 2784 Graecos
981 2723 1015 2784 et
1028 2724 1121 2804 grata
1144 2725 1178 2785 et

185 2801 308 2865 alaude
330 2800 429 2887 digna
449 2801 617 2868 ducuntur.
661 2824 733 2868 cum
760 2805 867 2866 autem
894 2803 1070 2885 exprimere
1097 2805 1177 2868 ima-

238 2885 245 2898 '
271 2905 322 2951 em
344 2885 582 2952 consuetudinis
604 2890 700 2969 atque
721 2885 806 2950 vitae
827 2886 962 2950 velimus
977 2886 1178 2970 Epaminon·
1294 2945 1295 2956 ,

235 2991 285 3052 ae,
307 2969 390 3034 nihil
412 2969 556 3035 videmur
578 2969 691 3034 debere
712 2971 974 3068 praetermittere,
997 2971 1083 3068 quod
1104 2981 1178 3056 per.
1294 2979 1295 3018 ι

185 3053 318 3118 stineat
339 3054 379 3118 ad
401 3075 471 3119 eam
492 3053 721 3118 declarandam.
759 3071 857 3137 quare
878 3054 1017 3120 dicemus
1034 3077 1178 3138 primum

213 3135 391 3221 degenere
419 3137 503 3219 eius,
532 3137 644 3203 deinde
673 3139 787 3221 quibus
808 3137 982 3222 disciplinis
1011 3142 1044 3204 et
1064 3161 1084 3204 a
1105 3141 1180 3223 qui-

213 3220 273 3284 bus
302 3220 345 3284 sit
371 3221 521 3304 eruditus,
543 3226 613 3286 turn
639 3221 678 3286 de
699 3222 841 3286 moribus
867 3222 1053 3307 ingeniique
1075 3224 1180 3288 facul·
1294 3235 1295 3256 ³

213 3304 333 3369 tatibus
355 3308 388 3369 et
408 3303 436 3370 si
451 3327 515 3390 qua
529 3305 592 3370 alia
605 3306 759 3371 memoris
773 3306 871 3404 digna
886 3310 988 3390 erunt,
1010 3311 1179 3390 postremo

213 3387 277 3536 die1ss
273 3389 368 3538 rqlqps
382 3389 490 3476 gestis,
513 3411 593 3475 quae
614 3391 797 3476 splurimis
812 3393 911 3456 ommi
932 3395 1181 3476 anteponuntur

214 3491 234 3534 s
279 3494 299 3536 u
349 3495 395 3539 us.
936 3498 945 3511 ·
