2606 3940
217 242 259 306 10
487 254 572 302 xvn.
609 252 810 302 sensimus.
830 246 905 298 a-u.

215 395 322 459 tutum
343 390 482 474 reliquit.
525 409 664 473 namque
686 388 735 452 illi
756 386 878 452 adiecto
900 405 1178 469 numerosorum,
1282 394 1283 441 1

222 476 284 574 qui·
300 478 445 560 expertes
467 475 558 538 erant
580 472 715 555 consilii,
739 490 938 537 commovere
958 491 991 534 se
1012 489 1081 534 non
1103 474 1180 535 sunt
1282 506 1283 533 r

216 582 287 658 ausi
313 580 414 642 eoque
435 557 597 642 libentius,
620 557 706 640 qnod
721 556 819 620 latere
837 555 1074 622 arbitrabantur
1096 574 1179 636 quae

180 646 500 793 'leogiigiiidffldiibio
528 729 602 810 post
622 725 822 791 Leuctricam
855 745 996 821 pugnam
1011 722 1180 821 ,Lacedae-

216 812 318 877 monii
340 832 373 877 se
395 831 571 894 numquam
592 809 772 874 refecerunt
800 828 904 893 neque
926 810 1099 891 pristmum
1121 829 1180 871 nn-

240 896 342 961 erium
364 897 601 978 recuperarunt,
623 913 696 958 cum
717 893 848 958 interim
868 912 1045 974 numquam
1065 892 1181 976 Agesi-

216 918 286 1044 iaus
318 977 441 1043 destitit
477 977 729 1061 quibuscumque
768 979 862 1042 rebus
898 979 1007 1060 posset
1041 976 1181 1060 patriam

187 1064 336 1143 2111111.
386 1083 462 1127 nam
494 1082 567 1126 cum
594 1061 763 1145 praecipue
791 1059 1035 1127 Lacedaemonii
1056 1059 1181 1145 indiga-

217 1149 290 1212 rent
310 1147 460 1244 pecunia,
487 1145 543 1210 ille
571 1145 733 1224 omnibus,
766 1146 822 1228 qui
850 1165 966 1230 arege
987 1143 1179 1228 defecerant,

115 1309 117 1314 Ι
217 1230 376 1314 prcesrdio
398 1230 477 1295 fuit:
501 1251 520 1293 a
541 1230 658 1312 quibus
679 1250 712 1294 m
777 1228 955 1295 adonatus
968 1229 1105 1312 pecunia
1148 1251 1180 1293 a·

187 1316 314 1380 etriam
336 1313 524 1379 sublevavit.
568 1317 664 1397 atque
686 1313 721 1377 in
766 1334 804 1378 oc
825 1313 906 1378 illud
927 1313 1095 1396 inprimis
1116 1251 1180 1378 iiic

216 1398 418 1482 admirabile,
445 1418 518 1462 oum
544 1396 683 1462 maxima
704 1418 837 1462 munera
864 1399 894 1463 ei
920 1398 960 1462 ab
989 1397 1119 1494 regibus
1141 1418 1180 1462 ao

217 1482 360 1566 dynastis
381 1481 627 1565 civitatibusque
646 1482 878 1566 conferrentur,
900 1481 986 1567 quod
1007 1481 1089 1545 mhil
1111 1503 1179 1548 um-

217 1587 314 1651 quam
335 1566 465 1632 domum
487 1587 576 1631 suam
592 1566 730 1631 contulit
760 1565 843 1630 nihil
866 1567 904 1631 de
923 1567 1019 1648 victu,
1040 1564 1125 1630 nibil
1140 1566 1178 1631 de
1286 1585 1288 1662 1,

187 1651 336 1716 evestitu
358 1650 522 1716 Laconum
543 1649 689 1716 mutavit
722 1615 817 1715 domo
840 1650 950 1716 eadem
971 1649 1034 1714 fnit
1047 1653 1179 1715 conten·

215 1739 278 1818 tus,
301 1756 365 1818 qua
385 1733 619 1818 Borysthenes,
648 1735 836 1819 progenitor
858 1735 1016 1799 maiorum
1037 1754 1178 1817 suorum,

215 1818 322 1883 fuerat
342 1839 433 1882 usus:
478 1838 552 1881 uam
574 1818 630 1901 qui
651 1817 796 1901 intrarat,
818 1817 944 1883 nullum
958 1818 1086 1902 signum
1107 1816 1179 1884 libi·

216 1901 310 2000 dinis,
332 1839 616 2000 nuliumfiuxuriae
631 1901 738 2000 videre
759 1905 896 2000 poterat,
917 1902 1179 2001 1111111111-

215 1986 1179 2168 1111111111111111111

181 2174 279 2301 8(ὶιιθ
300 2157 483 2334 briddihic
503 2239 612 2334 tentus
635 2237 684 2335 vir
698 2241 911 2336 ,1111111111
932 2238 1099 2336 fautricem
1122 2239 1179 2303 ha·

217 2323 331 2385 buerat
351 2342 386 2385 m
407 2321 585 2386 mouendo
607 2341 708 2386 ammr
729 2323 911 2407 virtutibus,
933 2343 979 2386 src
1000 2311 1178 2390 malefidam

215 2408 328 2470 nactus
350 2407 399 2470 est
419 2405 454 2470 in
476 2425 609 2489 corpore
630 2405 797 2490 fingendo:
820 2427 896 2471 nam
919 2410 952 2471 11
972 2409 1094 2478 statura
1114 2406 1180 2470 fuit

215 2488 330 2554 humili
360 2492 394 2554 et
425 2509 557 2572 corpore
590 2489 640 2554 exi
687 2510 705 2554 o
739 2492 772 2555 et
798 2489 929 2554 claudus
956 2490 1057 2554 altero
1086 2489 1178 2573 pede.

216 2594 298 2657 quae
324 2594 375 2638 res
404 2573 500 2637 etiarn
526 2573 716 2638 normulam
749 2573 901 2638 efferebat
931 2573 1178 2658 deformitatem,

216 2661 312 2740 atque
326 2657 440 2742 ignoti,
462 2656 578 2722 faciem
592 2658 659 2722 eius
674 2678 747 2722 cum
766 2657 976 2741 intuerentur,
995 2660 1178 2732 contemne·

217 2741 305 2824 bant,
327 2741 383 2824 qui
405 2743 513 2806 autem
533 2741 668 2806 virtutes
682 2745 849 2825 noverant,
870 2761 938 2806 non
953 2743 1103 2825 poterant
1123 2741 1178 2806 ad·

186 2823 327 2888 amirari
348 2825 434 2889 satis.
500 2823 564 2890 uod
586 2826 615 2890 ei
630 2846 690 2890 usu
705 2825 803 2910 venit,
825 2846 898 2890 cum
915 2845 1075 2890 rumorum
1090 2828 1177 2890 octo-

215 2909 307 2994 ginta
328 2907 469 2974 subsidio
519 2909 599 2974 acho
620 2909 657 2973 in
677 2911 726 2973 Ae
792 2912 862 2974 turn
883 2909 973 2974 iisset
994 2913 1026 2974 11
1050 2909 1084 2974 in
1106 2912 1179 2974 acta

102 3044 110 3056 .
216 3014 289 3056 cum
310 2992 376 3057 suis
396 2992 595 3058 accubuisset
615 2992 684 3058 sine
706 3015 726 3056 1
754 3015 773 3058 o
794 2995 879 3058 tecto
902 2996 1101 3077 stratumque
1121 2992 1180 3058 ha·

215 3076 307 3139 beret
327 3076 401 3161 tale,
423 3080 461 3142 11
480 3080 566 3142 terra
587 3079 672 3142 tecta
693 3080 776 3142 esset
796 3078 979 3143 stramentis
993 3097 1097 3160 neque
1113 3077 1179 3142 buc
1286 3139 1287 3142 ,

216 3158 355 3242 amplius
376 3181 472 3242 quam
492 3159 587 3244 pellis
609 3163 692 3226 asset
705 3161 832 3245 iniecta,
855 3161 967 3226 eodem
989 3181 1029 3226 ue
1044 3160 1179 3227 comites

218 3263 329 3308 omnes
350 3243 573 3309 accubuissent
586 3244 703 3309 vestitu
718 3243 833 3309 humili
852 3248 983 3329 atqueo
1006 3244 1118 3327 solato,
1141 3249 1181 3310 ut

216 3348 328 3392 eorum
359 3330 490 3392 ornatus
517 3347 586 3393 non
611 3328 707 3394 modo
739 3329 774 3393 in
801 3328 852 3393 his
879 3349 989 3414 regem
1015 3328 1181 3394 neminem

216 3411 420 3496 significarat,
443 3409 498 3476 sed
518 3411 665 3477 homines
686 3434 754 3478 non
768 3412 967 3477 beatissimos
988 3433 1057 3478 esse
1076 3411 1181 3496 suspi-

187 3493 344 3560 eoionem
364 3495 539 3579 praeberet.
582 3495 678 3561 huius
705 3496 744 3562 de
770 3495 908 3561 adventu
936 3495 1022 3560 fama
1043 3516 1116 3561 cum
1138 3495 1181 3560 ad
