2606 3940
220 244 261 307 92
480 256 583 303 xx111.
623 253 814 302 unsarana.
836 249 911 298 e-e.

97 427 101 434 ·
244 413 278 456 er
300 391 433 476 Ligures
456 389 687 472 Appenninum
708 388 851 470 transiit,
876 390 988 470 petens
1009 386 1184 453 Etruriam.

191 414 284 540 stoc
305 476 420 540 itinere
442 475 520 538 adeo
543 474 634 558 gravi
655 474 767 537 morbo
783 473 928 537 adficitur
950 470 1125 555 oculorum,
1149 477 1186 537 ut

220 563 333 642 postea
354 580 529 641 numquam
552 557 663 642 dextro
691 577 792 639 aeque
820 558 901 621 bene
924 577 998 619 usus
1026 555 1076 620 sit
1122 579 1185 701 pua

221 643 404 708 valetudine
427 663 500 707 cum
522 641 688 706 etiamtum
709 643 907 723 premeretur
926 639 1101 722 lecticaque

221 731 324 810 retur,
351 726 385 792 C.
413 725 608 790 Flaminium
640 725 803 789 consulem
836 723 920 807 apud
938 723 1185 788 ¹Trasumenum

221 833 295 876 cum
328 811 467 875 exercitu
496 808 619 873 insidiis
647 809 899 873 circumventum
921 807 1051 889 occidit,
1078 829 1185 890 neque

221 896 323 959 multo
356 898 430 977 post
462 893 496 958 C.
529 891 720 958 Centenium
752 895 933 974 praetorem
960 912 1033 955 cum
1063 891 1185 956 delecta

192 990 209 1037 4
223 1000 321 1042 manu
343 977 442 1041 saltus
458 980 675 1059 occupantem.
712 976 788 1039 hino
810 975 845 1039 in
862 975 1015 1060 Apuliam
1028 977 1184 1056 pervenit.

84 1127 89 1137 ,
164 1098 165 1101 =
222 1063 268 1124 ibi
290 1062 417 1127 obviam
440 1061 469 1124 ei
492 1064 649 1126 venerunt
670 1060 733 1123 duo
762 1059 923 1142 consules,
952 1058 987 1125 C.
1015 1057 1185 1125 Terentius

223 1149 254 1208 et
285 1144 322 1208 L.
355 1145 521 1208 Aemilius.
576 1145 741 1226 utriusque
775 1143 930 1208 exercitus
955 1163 1028 1208 .uno
1061 1144 1184 1227 proelio
1232 1211 1235 1222 ,

222 1229 363 1312 t'ugavit,
385 1228 522 1292 Paulum
553 1229 717 1306 consulem
739 1227 855 1291 occidit
885 1231 916 1290 et
946 1227 1069 1308 aliquot
1095 1250 1185 1310 prae-

222 1319 310 1377 terea
324 1313 515 1395 consulares,
537 1313 573 1375 in
595 1313 634 1376 iis
657 1311 714 1376 Cn.
731 1309 902 1376 Servilium
925 1311 1106 1395 Geminum,
1129 1313 1185 1394 qui

223 1397 386 1478 superiore
408 1418 493 1460 anno
516 1395 622 1460 fuerat
643 1395 765 1460 consul.

187 1478 208 1542 5
287 1479 376 1544 .Hao
397 1501 507 1577 pugna
528 1483 673 1576 pugnata
687 1478 823 1544 Romam
845 1478 1007 1562 profectus
1029 1485 1078 1543 est
1093 1481 1184 1544 nullo

223 1565 398 1628 resistente.
436 1585 470 1628 1n
491 1564 682 1647 proprnquis
697 1563 770 1627 urbi
790 1563 953 1627 montibus
968 1567 1111 1628 moratus
1127 1568 1184 1630 est.

223 1669 295 1712 cnm
324 1649 449 1731 aliquot
476 1649 522 1711 ibi
555 1648 621 1712 dies
654 1650 757 1712 castra
788 1647 951 1729 habuisset
983 1650 1016 1712 et
1042 1647 1185 1730 Capuam

224 1737 445 1812 reverteretur,
469 1731 506 1806 Q.
529 1731 647 1795 Fabius
669 1731 837 1813 Maximus,
861 1731 996 1795 dictator
1009 1729 1184 1814 Romanus,

193 1817 259 1879 ain
281 1815 518 1898 agrollalerno
541 1816 570 1878 ei
592 1836 625 1878 se
650 1814 776 1886 obiecit.
819 1815 872 1877 hio
894 1815 1020 1880 clausus
1037 1815 1186 1880 locorum

1138 662 1186 704 er·
1280 647 1281 650 ’

223 1919 264 1962 an
311 1899 380 1962 stiis
401 1903 500 1962 noctu
522 1899 591 1962 sine
614 1899 680 1962 ullo
699 1898 891 1962 detrimento
906 1898 1062 1962 exercitus
1084 1919 1117 1964 se
1132 1920 1184 1963 ex·
1280 1931 1281 1944 κ

223 2004 263 2066 pe
288 1983 347 2046 'vit
357 1982 532 2066 Fabioque,
548 1982 752 2056 callidissimo
766 1981 961 2079 imperatori,
977 1981 1063 2079 cedit
1077 1984 1183 2079 yerba.

223 2067 1185 2247 consubsistentearachaeus:

223 2233 1185 2384 accumularat.1..

195 2412 210 2460 a
225 2420 351 2482 norum,
373 2404 411 2465 ut
425 2399 533 2484 egredi
548 2403 637 2463 extra
651 2399 772 2463 vallum
786 2421 880 2464 nemo
899 2400 941 2463 sit
955 2423 1058 2466 ausus.
1102 2401 1185 2467 hanc

224 2488 298 2568 post
324 2505 393 2548 rem
420 2488 543 2567 gestam
570 2505 637 2548 non
664 2485 710 2547 ita
736 2483 844 2548 multis
873 2484 982 2549 diebus
1010 2483 1054 2548 M.
1080 2484 1185 2550 Minu·

224 2569 309 2633 cium
323 2567 453 2648 Rufum,
476 2567 665 2650 magistrum
683 2567 827 2649 equitum
848 2569 917 2650 pari
939 2589 975 2631 ac
998 2568 1186 2636 dictatorem

224 2653 369 2746 imperio,
392 2651 465 2716 dolo
488 2651 679 2746 productum
693 2651 728 2714 in
749 2651 909 2734 proelium
921 2650 1055 2734 fugavit.
1092 2652 1187 2718 Tibe·

224 2757 307 2797 rium
330 2733 554 2816 Sempronium
574 2733 772 2817 Gracchum,
800 2735 916 2798 iterum
943 2735 1120 2817 consulem,
1151 2739 1187 2802 in

225 2817 362 2882 Lucanis
390 2818 504 2882 absens
537 2819 572 2881 in
598 2818 730 2882 insidias
760 2818 925 2882 inductum
952 2817 1090 2881 sustulit.
1139 2819 1186 2886 Μ,

226 2901 394 2966 Claudium
414 2899 615 2983 Marcellum,
639 2902 808 2985 quinquies
827 2899 1000 2984 consulem,
1022 2900 1108 2984 apud
1122 2901 1187 2968 Ve-

194 2986 350 3050 enusiarn
365 2985 435 3067 pari
450 2986 544 3050 modo
567 2985 737 3050 interfecit.
773 2985 906 3067 longum
923 2988 972 3048 est
986 2986 1095 3050 omnia
1110 3007 1187 3052 enu-

225 3090 346 3133 merare
367 3069 509 3166 proelia..
544 3091 641 3166 quare
663 3070 724 3134 hoc
746 3089 846 3164 unum
874 3069 950 3132 satis
972 3069 1035 3166 erit
1056 3070 1186 3168 dictum,

225 3174 263 3250 9¹
279 3151 1187 3303 {tt.mltll³³.ttt¹t‘¹tlttlitt-tl‘tttffltl

224 3259 333 3418 tirsus
348 3341 421 3385 eum
435 3284 509 3404 prist
522 3319 722 3384 Cannensem
736 3341 879 3404 pugnam
901 3322 937 3384 in
956 3288 1068 3406 ttmpo
1084 3325 1188 3388 castra

189 3483 206 3545 3
223 3409 391 3554 posullinc
407 3489 544 3552 invictus
559 3487 696 3570 patriam
709 3488 877 3554 defensum
888 3497 1055 3554 revocatus
1067 3489 1188 3555 bellum
