2590 3946
332 973 604 1060 CORNELII
629 971 866 1060 NEPOTIS

50 1096 59 1106 ⁸
181 1155 314 1228 ninus
340 1155 401 1226 on
427 1155 790 1227 axcnnnnnusos
818 1155 1011 1226 ouusus

390 1339 616 1398 EXTERARUM
635 1340 812 1400 aemuli.

510 1543 688 1588 manime.
824 1567 825 1572 =

203 1659 236 1728 N
237 1682 280 1726 on
295 1661 406 1726 dubito
421 1661 491 1726 fore
505 1662 684 1746 plerosque,
699 1663 815 1746 Attice,
831 1663 887 1746 qui
902 1662 964 1728 hoe
978 1681 1080 1760 genus
1096 1672 1108 1722 ι

121 1746 298 1830 scripturae
313 1745 383 1810 leve
405 1748 438 1810 et
459 1763 527 1810 non
541 1747 618 1811 satis
632 1745 766 1832 dignum
780 1767 977 1812 summorum
998 1768 1082 1812 uro·

19 1873 21 1878 -
120 1850 191 1926 rum
205 1830 351 1913 personis
360 1828 517 1926 iudicent!
539 1851 613 1894 eum
627 1830 764 1896 relatum
780 1830 899 1915 legent,
922 1831 993 1928 quis
1014 1851 1083 1928 mu·

120 1933 218 1976 s1cam
241 1913 384 1977 doouemt
398 1912 665 1999 Epammondem,
687 1913 799 1980 autin
821 1914 889 1979 eius
910 1914 1083 1979 v1rtut1bus

25 2035 28 2041 -
121 1995 379 2080 commemorari,
412 1996 543 2062 saltasse
578 2019 652 2062 eum
685 1998 850 2064 commode
882 1997 1082 2081 scienterque

121 2079 209 2145 tibiis
221 2082 377 2146 wanlosae.
414 2080 469 2146 sed
490 2081 515 2146 ii
536 2083 733 2166 emtione,
754 2083 811 2179 qui
831 2085 976 2166 expertes
997 2081 1111 2146 litter

120 2184 229 2228 rerum
251 2162 444 2228 Graecarum
472 2165 555 2230 nihil
576 2169 713 2252 rectum,
744 2167 808 2232 n1si
853 2165 918 2232 uod
939 2166 1082 2264 ipsorum

120 2248 264 2314 moribus
291 2248 478 2332 conveniat,
527 2250 674 2318 utatunt.
713 2250 803 2316 hisi
858 2251 994 2316 dicerint
1013 2263 1111 2316 none

122 2332 231 2400 eadem
253 2332 402 2398 omnibus
424 2353 491 2398 esse
505 2271 642 2400 lonesta
656 2337 751 2418 etque
765 2335 873 2418 turpio
903 2333 959 2400 sed
974 2334 1083 2400 omnia

121 2417 279 2482 maiorum
306 2415 463 2513 institutis
485 2417 633 2502 iudicari,
659 2439 727 2484 non
748 2385 991 2486 admireluntur
1021 2439 1083 2484 nos

121 2502 155 2566 in
188 2499 360 2568 Graiorum
393 2500 566 2566 virtutibus
602 2502 798 2584 exponendis
834 2524 939 2569 moros
971 2523 1082 2568 eorum

121 2587 255 2652 secutos.
298 2605 404 2669 neque
426 2584 514 2650 enim
536 2583 663 2650 Cimoni
686 2585 750 2651 fuit
769 2590 878 2671 turpe,
904 2587 1114 2652 Athenien-e

42 2723 44 2727 .
121 2669 203 2734 sium
225 2691 350 2736 summo
372 2669 452 2754 viro,
474 2689 617 2736 sororem
631 2688 816 2754 germanam
830 2671 947 2736 habere
961 2671 997 2736 in
1017 2692 1083 2736 ma·

121 2753 288 2837 trimonio,
321 2753 441 2900 quippe
474 2774 547 2818 eum
577 2753 662 2818 cives
689 2752 756 2818 eius
784 2753 896 2820 eodem
916 2759 1084 2822 uterentur

121 2837 279 2904 instituto.
323 2839 390 2903 eti
434 2838 563 2922 quidem
583 2838 702 2902 nostris
717 2837 859 2903 moribus
879 2839 971 2906 nefas
987 2840 1084 2909 hebe-

122 2924 184 2985 tur.
220 2922 307 2987 leudi
329 2923 365 2987 in
380 2921 476 2988 Orela
491 2921 617 2986 ducitur
636 2921 881 2988 adulescentulis
903 2944 1000 3007 quarn
1013 2926 1084 3010 plu·

122 3003 220 3070 rimos
240 3006 390 3072 habuisse
412 3009 579 3072 amatores.
622 3005 713 3070 nulla
733 3003 966 3071 Lacedaemoni
987 3009 1084 3076 vidua

121 3093 187 3152 tam
216 3093 264 3154 est
289 3091 422 3175 nobilis,
457 3111 539 3189 quoe
564 3112 633 3156 non
660 3089 700 3156 ed
727 3109 839 3157 cenam
860 3093 914 3156 eat
938 3095 1082 3160 mercede

122 3172 287 3238 conducta.
323 3176 449 3259 magnis
470 3197 506 3240 m
527 3175 674 3242 laudibus
690 3177 761 3240 tota
781 3174 848 3240 fere
869 3174 934 3240 fuit
948 3175 1081 3242 Graecia
1096 3191 1116 3240 a

123 3257 277 3322 victorem
305 3255 473 3342 Olympiae
506 3261 612 3344 citari,
644 3259 678 3324 in
701 3279 848 3324 scaenam
863 3280 938 3326 vero
953 3258 1082 3342 prodire

122 3362 158 3406 ae
172 3341 293 3426 populo
309 3363 377 3406 esse
392 3344 572 3427 spectaculo
594 3344 716 3409 nemini
737 3344 774 3408 in
795 3344 913 3410 eisdem
932 3343 1082 3430 gentibus

122 3425 184 3490 fuit
210 3425 413 3510 turpitudini.
461 3446 542 3510 quae
571 3429 680 3494 omnia
706 3430 791 3513 apud
818 3447 878 3495 nos
896 3427 1014 3512 partim
1034 3428 1070 3494 iu

122 3509 234 3595 famia,
267 3512 384 3595 partim
412 3510 546 3579 humilia
573 3517 669 3597 atque
696 3515 736 3579 ab
762 3513 931 3580 honestate
959 3515 1085 3578 remota

170 3613 302 3657 dommus
314 3613 398 3656 Nares
605 3641 608 3646 -
863 3621 877 3672 1
1146 3623 1148 3626 ·
