2590 3946
207 207 250 272 42
281 253 283 259 .
545 218 580 266 X.
617 217 712 266 DION·
733 212 826 264 8-10.

206 357 386 422 concitatus
408 357 470 438 est,
492 375 606 420 verens
626 375 668 418 ne
690 354 779 450 prius
800 351 970 418 consilium
992 351 1177 436 aperiretur

172 439 851 620 9sumllduffinfflndldddffeffidsllm,
873 542 946 588 cum
965 544 987 619 a
1007 527 1175 588 conventu

208 631 242 674 se
269 611 429 674 remotum
455 607 544 673 Dion
570 607 658 673 domr
690 610 815 671 teneret
840 610 936 690 atque
962 628 998 670 m
1024 608 1175 673 conclavi

208 692 294 758 edito
316 693 528 777 recubuisset,
557 691 692 758 consciis
718 691 871 756 facinoris
897 690 969 756 loca
995 692 1174 759 munitiora

209 777 319 862 oppidi
339 777 447 860 tradit,
470 777 600 842 domum
620 774 773 840 custodiis
795 775 906 858 saepit,
928 798 948 839 a
968 775 1092 842 foribus
1113 777 1173 861 qui

175 876 277 928 enon
298 861 477 944 discedant,
499 864 603 926 certos
624 860 776 944 praeficit,
801 880 917 924 navem
937 860 1100 926 triremem
1121 883 1173 926 ar-

209 947 304 1011 matis
319 949 414 1011 ornat
426 945 696 1028 Philostratoque,
715 944 808 1009 fratri
826 965 894 1028 suo,
915 944 1015 1008 tradit
1036 965 1106 1010 eam
1129 968 1171 1011 ue

209 1031 361 1127 inportu
383 1030 499 1128 agitari
512 1029 611 1113 iubet,
630 1033 669 1094 ut
690 1029 718 1094 si
739 1049 884 1126 exercere
903 1029 1041 1114 remiges
1062 967 1170 1114 vellet,

179 1112 1171 1296 r{tere{resererrrlrlrtrrruers

208 1221 551 1368 numerquacynthros
572 1283 791 1347 adulescentes
811 1280 967 1365 quosdam
985 1281 1077 1366 ehgrt
1096 1303 1170 1348 cum

208 1367 435 1433 audacissimos
455 1371 526 1432 tum
546 1368 668 1432 viribus
682 1367 839 1449 maximis,
860 1364 974 1449 hisque
996 1364 1052 1430 dat
1071 1387 1171 1453 nego·

208 1453 309 1536 tium,
334 1451 375 1516 ad
395 1451 535 1517 Dionem
556 1455 632 1516 eant
652 1451 805 1534 inermes,
833 1450 879 1515 sic
900 1453 937 1514 ut
958 1451 1170 1516 conveniendi

299 1534 1170 1703 ιιιιιιιιιιιιιι
1279 1659 1280 1664 ψ

209 1706 298 1770 ribus
325 1705 480 1770 obseratis
506 1704 542 1768 in
568 1670 652 1768 lectl)
678 1693 848 1768 cubantem
875 1701 1047 1787 invadunt,
1080 1705 1170 1770 colli·

210 1792 304 1873 gant:
338 1789 376 1853 fit
402 1787 568 1872 strepitus,
602 1787 680 1852 adeo
708 1791 746 1852 ut
772 1784 915 1850 exaudiri
942 1792 1052 1870 posset
1078 1788 1168 1854 foris.

179 1873 279 1955 chic,
306 1871 390 1937 siout
415 1875 489 1936 ante
516 1892 611 1955 saepe
639 1871 759 1937 dictum
787 1874 849 1954 est,
879 1891 976 1954 quam
1001 1872 1106 1937 invisa
1127 1874 1171 1938 sit

211 1956 382 2042 singularis
404 1956 550 2053 potentia
572 1959 605 2020 et
624 1955 805 2021 miseranda
831 1954 914 2038 vita,
936 1955 992 2039 qui
1013 1977 1047 2021 se
1068 1958 1170 2022 metui

177 2055 196 2103 ⁶
211 2063 306 2126 quam
321 2063 422 2106 aman
432 2040 566 2123 malunt,
578 2041 679 2106 cuivis
693 2040 787 2106 facile
798 2039 963 2104 intellectu
976 2038 1048 2105 fuit.
1080 2062 1169 2106 nam·

121 2171 125 2178 ·
232 2146 272 2189 ue
293 2125 343 2188 illi
356 2125 419 2207 ipsi
438 2123 600 2208 custodes,
622 2125 651 2189 si
672 2127 821 2209 prompta
841 2123 979 2189 fuissent
992 2126 1169 2210 voluntate,

207 2148 332 2273 loribus
359 2207 497 2272 effractis
524 2229 650 2272 servare
678 2228 751 2272 eum
778 2207 972 2292 potuissent,
1007 2209 1094 2293 quod
1119 2210 1170 2275 illi

208 2293 346 2358 inermes
367 2291 467 2356 telum
487 2291 611 2357 forisd
656 2292 772 2357 'tantm
785 2291 896 2357 vivum
910 2294 1073 2358 tenebant.
1116 2295 1169 2359 cui

209 2398 283 2442 cum
298 2380 495 2444 succurreret
508 2397 604 2442 nemo
663 2397 722 2461 yco
738 2375 868 2460 quidam
880 2375 1098 2460 Syracusanus
1111 2400 1171 2462 par

208 2459 365 2527 fenestras
386 2461 528 2546 gladium
550 2427 651 2546 dedit,
673 2482 737 2545 quo
759 2459 848 2525 Dion
868 2460 1055 2526 interfectus
1077 2467 1136 2527 cst.

120 2603 127 2614 .
161 2547 201 2612 10
294 2545 450 2611 Confecta
476 2545 570 2610 caede
577 2597 586 2630 ,
618 2567 692 2611 cum
720 2542 893 2612 multitudo
920 2544 1044 2610 visendi
1065 2547 1171 2631 gratia

208 2631 382 2714 introisset,
404 2630 554 2708 nonnulli
568 2631 609 2694 ab
624 2629 733 2695 inseiis
754 2649 812 2713 pro
827 2629 932 2693 noxiis
946 2629 1168 2695 conciduntur.

208 2735 285 2780 nam
306 2713 402 2778 celeri
423 2735 551 2780 rumore
573 2713 671 2779 dilato
709 2712 809 2778 Dioni
823 2713 889 2777 vim
910 2712 1056 2797 allatam,
1075 2714 1170 2780 multi

208 2801 446 2880 concurrerant,
461 2799 577 2881 quibus
590 2797 655 2862 tale
669 2763 795 2862 lacinus
809 2796 1006 2879 displicebat.
1038 2797 1074 2862 hi
1088 2797 1170 2864 falsa

209 2881 390 2966 suspicione
418 2881 506 2946 ducti
533 2882 736 2946 immerentes
760 2885 798 2946 ut
818 2881 988 2946 sceleratos
1010 2881 1168 2948 occidunt

182 2979 197 3026 2
209 2966 305 3030 huius
327 2965 366 3030 de
380 2970 483 3031 morte
497 2969 535 3030 ut
548 2966 655 3050 palam
668 2965 790 3030 factum
804 2968 862 3049 est,
876 2965 1065 3030 mirabiliter
1079 2965 1171 3051 vulgi

203 3052 333 3114 mutata
354 3053 403 3114 est
416 3049 575 3114 voluntas.
610 3071 687 3114 nam
709 3050 765 3134 qui
779 3049 888 3113 vivum
903 3071 976 3120 eum
996 3053 1169 3134 tyrannum

208 3132 398 3217 vocitarent,
421 3133 524 3198 eidem
538 3133 742 3198 liberatorem
761 3134 884 3202 patriae
905 3135 1098 3232 tyrannique
1118 3155 1170 3198 ex·

207 3217 371 3300 pulsorem
392 3217 627 3299 praedicabant.
671 3218 717 3280 sic
735 3203 841 3280 subito
863 3217 1081 3283 misericordia
1095 3216 1168 3286 odio

207 3303 416 3383 successerat,
443 3304 481 3364 ut
501 3319 575 3364 sum
596 3319 654 3364 suo
676 3299 832 3397 sanguina
855 3300 896 3364 ab
914 3300 1099 3366 Acherunte
1142 3302 1179 3374 ri.

178 3386 529 3537 ιιιιιι
546 3382 710 3554 ιιι·
725 3386 863 3554 ιι
877 3351 1169 3536 ureret

389 3519 402 3554 s
688 3517 698 3553 s
1157 3506 1170 3523 “
