2606 3940
216 201 258 266 62
460 217 517 265 xv.
555 213 813 266 annumerans.
835 212 860 264 a.
884 211 923 262 ro.

218 353 286 417 eius
317 352 438 449 patriae
475 351 569 416 sitam
597 353 754 436 putabant
781 351 931 432 salutem,
967 348 1108 414 uniuersi
1140 351 1175 414 in
1287 385 1288 416 ι

217 457 317 501 unum
348 440 501 519 impetum
528 436 673 499 iecerunt
699 454 803 520 neque
830 434 919 517 prius
946 435 1176 516 abscesserunt,

238 541 313 585 uam
328 540 445 604 magna
460 518 554 584 caede
570 519 740 602 multisque
755 518 867 583 occisis
881 517 1055 594 fortissime
1070 518 1178 600 ipsum
1287 509 1288 582 l

217 542 475 689 lipaminondam
497 603 707 688 pugnantem,¹
726 623 819 685 spero
842 601 966 666 eminus
980 621 1178 684 percussum,
1287 661 1288 668 ,

187 688 383 752 aeoneidere
405 690 562 752 viderunt
598 685 693 750 huius
715 707 789 750 casu
811 685 1011 768 aliquantum
1025 684 1178 750 retardati

218 775 294 836 suut
314 770 438 852 Boeoti,
461 790 564 854 neque
585 773 694 834 tamen
715 771 803 852 prius
825 789 935 854 pugna
963 771 1178 852 excesserunt,

188 867 316 939 aquam
345 876 422 938 rapu
471 859 561 918 antes
588 853 810 950 profligarunt.
859 857 894 917 at
925 851 1175 936 Epaminondas,

218 961 290 1003 cum
312 940 397 1002 anim
440 941 578 1001 verteret
599 937 799 1002 mort1ferum
824 956 857 1000 se
880 937 997 1001 vulnus
1018 937 1178 1020 aeoepisse

217 1023 385 1105 simulque,
407 1021 434 1087 si
456 1022 591 1103 ferrum,
620 1020 705 1104 quod
728 1041 766 1084 ex
787 1019 896 1084 hastili
918 1021 953 1084 in
974 1040 1107 1103 oorpore
1128 1041 1176 1085 re·

216 1111 392 1188 manserat,
432 1105 634 1187 extraxisset,
670 1105 810 1168 animam
839 1104 947 1168 statim
976 1103 1176 1188 emissurum,

218 1210 318 1272 usque
351 1210 388 1254 eo
416 1189 564 1270 retinuit,
596 1187 703 1272 quoad
731 1188 951 1251 renuntiatum
978 1189 1027 1252 eat
1062 1187 1176 1252 vianae
1207 1235 1212 1244 .

187 1272 369 1338 ⁴Boeotos
412 1272 445 1335 id
472 1277 643 1368 postquam
672 1270 809 1352 audivit,
832 1271 932 1336 ‘satis’
953 1270 1060 1354 inquit
1080 1272 1175 1338 ‘vixit

217 1357 356 1421 invictus
378 1357 463 1420 enim
478 1363 620 1420 monor)
657 1358 726 1420 tum
748 1355 833 1419 ferro
849 1357 989 1420 extracto
1005 1355 1175 1420 confestim

218 1442 416 1504 exanimatus
438 1444 495 1505 est.

171 1526 208 1590 ¹0
300 1523 363 1588 Hio
388 1545 522 1589 uxorem
543 1544 720 1608 numquam
746 1523 845 1588 duxit.
874 1525 924 1588 in
945 1543 1009 1607 quo
1035 1544 1107 1588 oum
1128 1543 1177 1587 re-

238 1608 467 1674 rehenderetur
499 1607 597 1694 [quod
617 1608 736 1672 liberos
757 1628 825 1672 non
844 1606 1050 1692 relinqueret]
1078 1629 1097 1671 a
1118 1607 1176 1670 Pe·

216 1631 339 1774 lopida,
369 1692 424 1775 qui
453 1691 553 1761 filium
575 1691 714 1756 habebat
733 1691 902 1773 infamem,
929 1690 1075 1774 maleque
1103 1711 1178 1754 eum

216 1775 251 1839 in
274 1797 311 1840 eo
333 1775 457 1858 patriae
479 1775 644 1839 consulere
667 1773 795 1858 diceret,
818 1773 915 1838 ‘ride’
937 1775 1044 1858 inquit
1065 1779 1117 1838 ‘ne
1140 1777 1177 1839 tu
1287 1781 1288 1784 ’

216 1859 307 1942 peius
335 1858 482 1923 consulas
488 1909 497 1941 ,
530 1859 585 1941 qui
612 1859 710 1924 talem
740 1879 778 1922 ex
804 1861 836 1922 te
863 1862 976 1924 natunn
1007 1858 1176 1923 relicturus

186 1944 270 2008 aeis.
313 1962 417 2026 neque
439 1964 513 2006 vero
536 1943 632 2026 stirps
653 1945 760 2026 potest
783 1942 864 2007 mihi
886 1942 1010 2008 deesset
1036 1962 1177 2028 namque

217 2047 256 2090 ex
270 2029 445 2091 menatem
460 2026 606 2110 relinquo
621 2047 664 2110 pu
712 2048 764 2090 am
778 2025 986 2110 Leuctricam,
1008 2047 1090 2109 quae
1107 2047 1176 2090 non

216 2109 310 2174 modo
333 2110 414 2173 mihi
435 2114 611 2193 superstes,
639 2130 671 2173 se
721 2110 817 2174 etiam
844 2109 1033 2174 immortalis
1059 2109 1102 2174 sit
1121 2131 1176 2175 ne

187 2205 304 2257 ecesse
326 2197 396 2256 est'
440 2213 503 2275 quo
525 2191 770 2277 tempore·duoe
790 2193 945 2277 Pelopida
966 2193 1073 2258 exules
1094 2193 1176 2258 The

217 2279 273 2340 bas
295 2280 493 2360 ooouparunt
519 2279 552 2341 et
600 2276 770 2349 raeaidium
791 2276 1115 2343 Lacedaemoniorum
1137 2299 1176 2342 ex

216 2381 286 2424 aree
320 2360 511 2444 expulerunt
590 2360 815 2445 paminondaa,
842 2361 993 2445 quamdiu
1021 2361 1106 2427 faeta
1127 2366 1177 2426 est

216 2443 326 2510 caedes
348 2445 482 2527 civium,
511 2411 605 2509 domo
628 2466 662 2510 se
683 2446 803 2526 tenuit,
837 2445 922 2529 quod
949 2465 1053 2529 neque
1074 2445 1177 2511 malos

216 2527 386 2592 defendere
408 2527 537 2596 volebat
557 2549 662 2612 neque
683 2529 882 2612 impugnare,
907 2550 948 2592 ne
968 2550 1082 2594 manus
1104 2551 1175 2593 suo-

216 2632 289 2676 rum
314 2613 474 2697 sanguine·
499 2615 693 2676 cruentaret:
727 2633 865 2695 nemque
893 2632 1021 2677 omnem
1049 2613 1175 2678 civilem

218 2695 383 2760 victoriam
404 2695 564 2760 funestam
591 2696 734 2842 putabat.
778 2695 876 2780 idem,
898 2701 1068 2780 postquam
1089 2697 1175 2780 apud

216 2776 387 2876 Cadmeam
414 2801 486 2876 eum
508 2779 588 2843 Lace
611 2780 765 2845 aemoniis
786 2781 924 2865 pugnari
946 2784 1094 2864 ooeptum
1116 2785 1175 2862 est,

185 2883 251 3008 em
269 2867 650 3046 prpppppsstdeppmm
670 2949 800 3040 deque
822 2951 899 3047 satis
921 2950 981 3047 erit
995 2948 1123 3046 dietum,
1146 2949 1175 3012 si

215 3031 277 3094 hoo
298 3051 399 3096 unum
420 3031 610 3116 adrunxero,
654 3033 718 3096 uod
739 3053 834 3097 nemo
855 3034 916 3100 rbrt
937 3034 1070 3115 inficias,
1092 3031 1174 3096 'lhe-

215 3113 272 3178 bas
302 3117 335 3177 et
362 3119 436 3179 ante
458 3054 715 3199 Epaminondam
741 3121 853 3182 natum
884 3120 1012 3202 etpost
1032 3115 1174 3182 eiusdem

214 3197 382 3262 interitum
409 3203 564 3296 perpetuo
591 3199 696 3264 alieno
723 3201 866 3286 paruisse
888 3200 1039 3286 imperio,
1061 3203 1175 3265 eontra

214 3302 261 3364 aa,
284 3302 380 3364 quam
395 3281 449 3346 dm
470 3282 525 3346 1110
540 3283 715 3367 praefuerit
727 3285 774 3349 rei
787 3285 943 3369 publicae,
965 3288 1061 3368 eaput
1074 3281 1175 3348 fuisse

213 3365 314 3430 totius
336 3365 497 3431 Graeciae.
548 3389 586 3432 ex
607 3389 671 3464 quo
693 3368 839 3453 intellegi
860 3373 967 3453 potest
994 3389 1095 3434 unum
1116 3367 1176 3432 ho·

214 3449 332 3536 minem
354 3451 455 3533 pluris
478 3472 574 3538 quam
595 3453 756 3528 orvitatem
780 3453 888 3518 fuisse.
