2590 3946
194 167 238 234 26
477 178 540 229 vn.
572 175 793 228 sncmmnns.
814 172 840 222 s
860 171 885 224 e.

196 314 320 382 vinciae
334 317 416 382 benc
429 308 709 395 administrandae,
731 331 799 378 non
817 329 929 394 perere
950 309 1057 374 noluit
1078 312 1111 372 et
1126 308 1165 374 in

197 402 375 484 triremem,
408 419 490 482 qnae
517 396 558 461 ad
584 418 657 462 eum
686 399 760 478 ⁸erat
787 393 1020 480 deportandum
1052 393 1165 476 missa,
1268 393 1269 402 ’

166 483 351 551 eascendit.
399 481 461 548 hcc
482 480 621 548 Thurios
648 481 684 546 in
705 479 832 546 Italiam
853 479 1020 566 pervectus
1058 477 1165 544 multa
1268 479 1269 526 ἴ

198 569 472 718 εθοιὲιιιιίἷὲξιιιιιιιε
482 565 520 630 de
532 563 742 713 immffiierata
756 564 874 714 llillum
884 526 1166 713 suorumt’liscentia

197 669 781 885 {lidideentemqldlitdldatdrlrpegdo'telu
817 668 1029 798 lldlnmdelaab
1056 667 1165 796 cusmid-

220 822 291 886 ibns
313 819 464 886 subduxit
485 821 518 884 et
538 817 613 884 inde
626 817 766 903 primum
786 781 922 900 llllidem,
945 816 1020 882 dein
1034 813 1163 912 Thebas
1268 843 1269 866 ι

170 905 298 972 evenit.
342 906 513 987 postquam
538 905 646 967 autem
666 922 701 968 se
722 900 836 986 capitis
861 899 1046 967 damnatum
1067 899 1163 964 bonis

224 987 371 1054 ublicatis
393 985 524 1070 audivit,
547 990 589 1071 et,
610 985 644 1052 id
658 985 745 1070 quod
758 1007 819 1052 usu
833 989 974 1068 uenerat,
995 981 1163 1068 Eumolpi·

277 1070 456 1138 sacerdotes
484 1093 504 1136 a
529 1070 650 1155 populo
678 1073 805 1136 coactos
831 1072 869 1134 ut
896 1090 929 1136 se
957 1069 1162 1152 devoverent,

200 1157 331 1255 eiusque
346 1155 526 1254 devotionis
542 1176 605 1254 qno
620 1155 768 1253 testatior
782 1158 866 1220 esset
878 1153 1042 1252 memoria,
1057 1174 1162 1250 exem·
1268 1175 1269 1182 ¹

171 1239 290 1392 6ἱΙιιιιι
304 1262 340 1306 ιιι
353 1239 420 1324 pile
433 1239 559 1324 lapidea
579 1258 717 1305 mersum
731 1260 798 1306 esse
815 1241 956 1323 positum
970 1259 1006 1304 m
1019 1238 1161 1322 pubhco,

229 1325 472 1390 acedaemonem
493 1323 693 1410 demigravit.
735 1323 797 1408 ibi,
824 1327 863 1388 ut
889 1323 958 1408 ipse
979 1320 1162 1406 praedicare
1268 1383 1269 1408 ,

201 1412 386 1494 consuerat,
407 1430 475 1475 non
496 1409 646 1474 adversus
666 1408 818 1494 patriam,
840 1407 896 1473 scd
916 1407 1064 1472 inimicos
1086 1426 1162 1472 suos
1268 1461 1269 1466 ,

199 1494 330 1559 bellum¹
348 1494 461 1580 gessit,
494 1492 580 1578 quod
613 1492 716 1560 eidem
748 1493 857 1558 hostes
890 1495 996 1556 essent
1021 1490 1160 1556 civitati:
1268 1539 1269 1546 ι

199 1601 276 1645 nam
301 1600 374 1643 cum
395 1577 620 1664 intellegerent
641 1598 675 1643 ae
694 1577 869 1660 plurimum
896 1576 1045 1658 prodesse
1065 1595 1161 1659 posse

199 1664 248 1760 rei
266 1663 428 1760 puplicae,
455 1683 494 1726 ex
516 1682 554 1756 ea
574 1660 703 1758 eiecisse
723 1659 859 1756 plusque
880 1659 1043 1756 iraesuae
1064 1679 1174 1757 qnam·

121 1792 129 1806 .
171 1747 335 1812 tutrhtatr
366 1765 528 1842 commum
555 1764 707 1827 paruisse.
761 1747 870 1839 itaque
890 1741 998 1840 ‘liuius
1025 1743 1160 1808 ccnsrho

199 1827 1161 2010 tdtttttdtnitdddsttdtdtttts

199 2001 356 2083 perpetuo
392 1999 499 2081 posito
531 2016 567 2061 m
598 1996 764 2062 obsidrone
800 1995 945 2060 Athenas
976 1999 1160 2062 tenuerunt

122 2109 127 2142 ι
200 2080 342 2148 eiusdem
368 2101 466 2165 opera
486 2079 610 2146 Ioniam
633 2101 652 2144 a
678 2081 829 2144 societate
857 2083 1041 2144 everterunt
1061 2080 1160 2144 Athe·
1228 2121 1233 2127 .
1268 2141 1269 2144 ,

199 2166 370 2231 niensium.
418 2184 482 2247 quo
510 2163 596 2229 lacto
629 2165 731 2228 multo
763 2163 942 2246 superiores
976 2163 1061 2230 bello
1092 2183 1159 2229 esse
1268 2251 1269 2256 ἵ

164 2251 400 2430 ficoepffitlie
422 2350 498 2428 vero
519 2329 570 2396 hie
591 2333 686 2396 rebus
706 2335 774 2396 tam
795 2333 889 2429 enrici
906 2331 1065 2396 Alcibiadi
1085 2336 1161 2396 sunt

202 2417 280 2483 fecti
303 2437 400 2500 quam
426 2418 542 2480 timore
568 2415 609 2479 ab
630 2435 669 2480 eo
698 2415 838 2480 ahenetu
880 2435 957 2480 nam
983 2436 1055 2480 cum
1078 2435 1179 2501 scer·-

200 2502 276 2566 rimi
297 2499 359 2566 riri
379 2503 595 2584 praestantem
615 2499 820 2583 prudentiam
840 2499 875 2564 in
897 2499 1046 2564 omnibus
1067 2499 1160 2564 rebus

201 2588 433 2670 adgnoscerent
475 2583 710 2667 pertimuerunt
735 2604 777 2650 ne
804 2583 936 2648 caritate
963 2583 1086 2666 patriae
1107 2581 1161 2646 du·

201 2673 272 2734 ctus
299 2633 471 2752 aliquando
498 2669 539 2733 ab
564 2667 643 2752 ipsis
671 2667 859 2733 descisceret
884 2670 917 2732 et
943 2687 1015 2732 cum
1040 2666 1105 2732 suis
1126 2665 1161 2730 in

202 2753 340 2837 gratiam
372 2752 499 2817 rediret.
556 2750 664 2835 itoque
696 2754 823 2848 tempus
852 2751 920 2816 cius
947 2748 1160 2816 interficiundi

171 2847 355 2921 equaererc
382 2836 601 2900 instituerunt
652 2835 686 2899 id
707 2833 890 2900 Alcibiades
921 2834 1041 2899 diutius
1067 2834 1160 2900 celari

201 2941 271 2985 non
291 2919 413 3003 potnit:
435 2920 612 2985 eratenim
634 2939 672 2984 ea
693 2919 879 3003 sagacitate,
908 2923 945 2983 ut
967 2918 1070 3003 decipi
1094 2939 1160 2984 non

201 3006 326 3088 posset,
358 3003 546 3087 pracsertim
568 3024 640 3068 cum
667 3003 810 3068 animum
838 3003 1025 3068 attendisset
1051 3003 1092 3068 ad
1113 3023 1160 3068 ca

202 3086 351 3152 rendum.
394 3087 503 3174 itaque
524 3085 565 3152 ad
579 3086 840 3171 Tissaphernem,
861 3086 1058 3170 preelectum
1079 3085 1161 3172 regie

174 3170 307 3256 sDarii,
329 3189 363 3236 se
384 3171 530 3236 contulit.
567 3172 656 3236 cuius
678 3192 751 3236 cum
772 3171 808 3236 in
823 3171 970 3238 intimem
990 3170 1161 3236 amicitiam

202 3255 401 3341 pervenisset
428 3258 461 3320 et
489 3254 737 3322 Atheniensium
763 3255 846 3320 male
868 3256 966 3341 gestis
993 3255 1029 3321 in
1055 3253 1161 3320 Sicilia

201 3341 297 3406 rebus
317 3359 394 3489 opes
412 3358 592 3423 senescere,
614 3343 728 3405 contra
753 3338 1078 3406 Lacedaemoniorum
1099 3359 1160 3404 cre·

202 3424 336 3490 secrevi
359 3427 434 3510 eret,
456 3423 551 3491 initio
565 3444 638 3492 cum
653 3423 810 3492 Pisandro
832 3428 988 3508 praetore,
1010 3423 1066 3508 qui
1080 3423 1163 3508 apud
