<?xml version="1.0" encoding="UTF-8"?>
<!DOCTYPE html PUBLIC "-//W3C//DTD XHTML 1.0 Transitional//EN"
    "http://www.w3.org/TR/xhtml1/DTD/xhtml1-transitional.dtd">
<html xmlns="http://www.w3.org/1999/xhtml" xml:lang="en" lang="en">
 <head>
  <title>
</title>
<meta http-equiv="Content-Type" content="text/html;charset=utf-8" />
  <meta name='ocr-system' content='tesseract 3.04.00' />
  <meta name='ocr-capabilities' content='ocr_page ocr_carea ocr_par ocr_line ocrx_word'/>
</head>
<body>
  <div class='ocr_page' id='page_1' title='image "./vitae01nepogoog_0073.png"; bbox 0 0 2606 3940; ppageno 0'>
   <div class='ocr_carea' id='block_1_1' title="bbox 230 223 921 288">
    <p class='ocr_par' dir='ltr' id='par_1_1' title="bbox 230 223 921 288">
     <span class='ocr_line' id='line_1_1' title="bbox 230 223 921 288; baseline -0.013 0"><span class='ocrx_word' id='word_1_1' title='bbox 230 223 272 288; x_wconf 85' lang='grc'><strong>66</strong></span> <span class='ocrx_word' id='word_1_2' title='bbox 506 235 593 284; x_wconf 83' lang='lat' dir='ltr'><strong>xva.</strong></span> <span class='ocrx_word' id='word_1_3' title='bbox 628 233 921 284; x_wconf 69' lang='lat' dir='ltr'><strong>cessurusne.</strong></span> 
     </span>
    </p>
   </div>
   <div class='ocr_carea' id='block_1_2' title="bbox 490 471 929 548">
    <p class='ocr_par' dir='ltr' id='par_1_2' title="bbox 490 471 929 548">
     <span class='ocr_line' id='line_1_2' title="bbox 490 471 929 548; baseline 0.002 -2"><span class='ocrx_word' id='word_1_4' title='bbox 490 473 604 548; x_wconf 85' lang='lat' dir='ltr'>XVII.</span> <span class='ocrx_word' id='word_1_5' title='bbox 656 471 929 547; x_wconf 80' lang='lat' dir='ltr'><strong>AGESILAUS.</strong></span> 
     </span>
    </p>
   </div>
   <div class='ocr_carea' id='block_1_3' title="bbox 197 620 1200 1887">
    <p class='ocr_par' dir='ltr' id='par_1_3' title="bbox 197 620 1200 1887">
     <span class='ocr_line' id='line_1_3' title="bbox 197 620 1199 709; baseline -0.002 -19"><span class='ocrx_word' id='word_1_6' title='bbox 197 629 212 690; x_wconf 92' lang='lat' dir='ltr'><strong>l</strong></span> <span class='ocrx_word' id='word_1_7' title='bbox 314 624 483 709; x_wconf 82' lang='lat' dir='ltr'><strong>Agesilaus</strong></span> <span class='ocrx_word' id='word_1_8' title='bbox 499 622 770 688; x_wconf 88' lang='lat' dir='ltr'><strong>Lacedaemonius</strong></span> <span class='ocrx_word' id='word_1_9' title='bbox 792 643 865 688; x_wconf 91' lang='lat' dir='ltr'><strong>cum</strong></span> <span class='ocrx_word' id='word_1_10' title='bbox 887 643 906 686; x_wconf 90' lang='lat' dir='ltr'><strong>a</strong></span> <span class='ocrx_word' id='word_1_11' title='bbox 928 620 1040 686; x_wconf 88' lang='lat' dir='ltr'><strong>ceteris</strong></span> <span class='ocrx_word' id='word_1_12' title='bbox 1061 623 1123 688; x_wconf 92' lang='lat' dir='ltr'><strong>scri</strong></span> <span class='ocrx_word' id='word_1_13' title='bbox 1146 627 1199 688; x_wconf 90' lang='lat' dir='ltr'><strong>to-</strong></span> 
     </span>
     <span class='ocr_line' id='line_1_4' title="bbox 230 645 1199 792; baseline 0 -20"><span class='ocrx_word' id='word_1_14' title='bbox 230 708 334 792; x_wconf 81' lang='lat' dir='ltr'>ribus,</span> <span class='ocrx_word' id='word_1_15' title='bbox 364 712 434 773; x_wconf 86' lang='lat' dir='ltr'><strong>tum</strong></span> <span class='ocrx_word' id='word_1_16' title='bbox 457 707 571 772; x_wconf 86' lang='lat' dir='ltr'><strong>eximie</strong></span> <span class='ocrx_word' id='word_1_17' title='bbox 598 705 854 791; x_wconf 87' lang='lat' dir='ltr'><strong>aXenophonte</strong></span> <span class='ocrx_word' id='word_1_18' title='bbox 884 703 1047 771; x_wconf 82' lang='lat' dir='ltr'><strong>Socratico</strong></span> <span class='ocrx_word' id='word_1_19' title='bbox 1075 645 1199 774; x_wconf 63' lang='lat' dir='ltr'><strong>collau·</strong></span> 
     </span>
     <span class='ocr_line' id='line_1_5' title="bbox 201 789 1199 875; baseline 0.001 -20"><span class='ocrx_word' id='word_1_20' title='bbox 201 793 324 858; x_wconf 82' lang='lat' dir='ltr'><strong>adatus</strong></span> <span class='ocrx_word' id='word_1_21' title='bbox 346 795 410 859; x_wconf 89' lang='lat' dir='ltr'><strong>est:</strong></span> <span class='ocrx_word' id='word_1_22' title='bbox 433 813 471 857; x_wconf 92' lang='lat' dir='ltr'><strong>eo</strong></span> <span class='ocrx_word' id='word_1_23' title='bbox 494 792 579 856; x_wconf 90' lang='lat' dir='ltr'><strong>enim</strong></span> <span class='ocrx_word' id='word_1_24' title='bbox 602 811 677 856; x_wconf 88' lang='lat' dir='ltr'><strong>usus</strong></span> <span class='ocrx_word' id='word_1_25' title='bbox 700 793 748 855; x_wconf 88' lang='lat' dir='ltr'><strong>est</strong></span> <span class='ocrx_word' id='word_1_26' title='bbox 768 789 1026 856; x_wconf 75' lang='lat' dir='ltr'><strong>familiarissime.</strong></span> <span class='ocrx_word' id='word_1_27' title='bbox 1062 791 1116 856; x_wconf 90' lang='lat' dir='ltr'><strong>hic</strong></span> <span class='ocrx_word' id='word_1_28' title='bbox 1130 792 1199 875; x_wconf 86' lang='lat' dir='ltr'><strong>pri·</strong></span> 
     </span>
     <span class='ocr_line' id='line_1_6' title="bbox 230 873 1200 961; baseline -0.002 -19"><span class='ocrx_word' id='word_1_29' title='bbox 230 898 319 942; x_wconf 91' lang='lat' dir='ltr'><strong>mum</strong></span> <span class='ocrx_word' id='word_1_30' title='bbox 341 877 379 941; x_wconf 90' lang='lat' dir='ltr'><strong>de</strong></span> <span class='ocrx_word' id='word_1_31' title='bbox 400 895 500 961; x_wconf 81' lang='lat' dir='ltr'><strong>regno</strong></span> <span class='ocrx_word' id='word_1_32' title='bbox 523 896 596 940; x_wconf 92' lang='lat' dir='ltr'><strong>cum</strong></span> <span class='ocrx_word' id='word_1_33' title='bbox 617 873 822 960; x_wconf 86' lang='lat' dir='ltr'><strong>Leotychide,</strong></span> <span class='ocrx_word' id='word_1_34' title='bbox 844 873 951 938; x_wconf 85' lang='lat' dir='ltr'><strong>fratris</strong></span> <span class='ocrx_word' id='word_1_35' title='bbox 980 874 1047 939; x_wconf 85' lang='lat' dir='ltr'><strong>lilio</strong></span> <span class='ocrx_word' id='word_1_36' title='bbox 1080 873 1200 940; x_wconf 87' lang='lat' dir='ltr'><strong>habuit</strong></span> 
     </span>
     <span class='ocr_line' id='line_1_7' title="bbox 230 924 1197 1026; baseline -0.002 0"><span class='ocrx_word' id='word_1_37' title='bbox 230 959 480 1026; x_wconf 79' lang='lat' dir='ltr'><strong>contentionem.</strong></span> <span class='ocrx_word' id='word_1_38' title='bbox 524 980 595 1024; x_wconf 87' lang='lat' dir='ltr'><strong>mos</strong></span> <span class='ocrx_word' id='word_1_39' title='bbox 617 958 793 1024; x_wconf 88' lang='lat' dir='ltr'><strong>eratenim</strong></span> <span class='ocrx_word' id='word_1_40' title='bbox 814 958 1023 1023; x_wconf 87' lang='lat' dir='ltr'><strong>amaioribus</strong></span> <span class='ocrx_word' id='word_1_41' title='bbox 1038 924 1197 1024; x_wconf 83' lang='lat' dir='ltr'><strong>Lacedae·</strong></span> 
     </span>
     <span class='ocr_line' id='line_1_8' title="bbox 229 1041 1197 1127; baseline 0 -19"><span class='ocrx_word' id='word_1_42' title='bbox 229 1044 347 1109; x_wconf 91' lang='lat' dir='ltr'><strong>moniis</strong></span> <span class='ocrx_word' id='word_1_43' title='bbox 368 1041 515 1127; x_wconf 83' lang='lat' dir='ltr'><strong>traditus,</strong></span> <span class='ocrx_word' id='word_1_44' title='bbox 537 1046 574 1109; x_wconf 91' lang='lat' dir='ltr'><strong>ut</strong></span> <span class='ocrx_word' id='word_1_45' title='bbox 596 1045 675 1108; x_wconf 89' lang='lat' dir='ltr'><strong>duos</strong></span> <span class='ocrx_word' id='word_1_46' title='bbox 696 1043 853 1108; x_wconf 88' lang='lat' dir='ltr'><strong>haberent</strong></span> <span class='ocrx_word' id='word_1_47' title='bbox 874 1063 940 1108; x_wconf 90' lang='lat' dir='ltr'><strong>sem</strong></span> <span class='ocrx_word' id='word_1_48' title='bbox 964 1063 999 1107; x_wconf 86' lang='lat' dir='ltr'><strong>er</strong></span> <span class='ocrx_word' id='word_1_49' title='bbox 1013 1063 1114 1127; x_wconf 87' lang='lat' dir='ltr'><strong>reges,</strong></span> <span class='ocrx_word' id='word_1_50' title='bbox 1136 1064 1197 1108; x_wconf 92' lang='lat' dir='ltr'><strong>no·</strong></span> 
     </span>
     <span class='ocr_line' id='line_1_9' title="bbox 229 1064 1194 1225; baseline -0.001 -33"><span class='ocrx_word' id='word_1_51' title='bbox 229 1129 316 1193; x_wconf 90' lang='lat' dir='ltr'><strong>mine</strong></span> <span class='ocrx_word' id='word_1_52' title='bbox 337 1150 370 1192; x_wconf 91' lang='lat' dir='ltr'><strong>m</strong></span> <span class='ocrx_word' id='word_1_53' title='bbox 416 1127 440 1191; x_wconf 89' lang='lat' dir='ltr'><strong>&#39;a</strong></span> <span class='ocrx_word' id='word_1_54' title='bbox 462 1149 559 1225; x_wconf 77' lang='lat' dir='ltr'><strong>quam</strong></span> <span class='ocrx_word' id='word_1_55' title='bbox 573 1126 718 1212; x_wconf 89' lang='lat' dir='ltr'><strong>imperio,</strong></span> <span class='ocrx_word' id='word_1_56' title='bbox 742 1148 781 1192; x_wconf 81' lang='lat' dir='ltr'><strong>ex</strong></span> <span class='ocrx_word' id='word_1_57' title='bbox 795 1126 917 1191; x_wconf 89' lang='lat' dir='ltr'><strong>duabus</strong></span> <span class='ocrx_word' id='word_1_58' title='bbox 939 1064 1070 1191; x_wconf 62' lang='lat' dir='ltr'><strong>damiliis</strong></span> <span class='ocrx_word' id='word_1_59' title='bbox 1084 1127 1194 1192; x_wconf 90' lang='lat' dir='ltr'><strong>Procli</strong></span> 
     </span>
     <span class='ocr_line' id='line_1_10' title="bbox 229 1209 1194 1297; baseline -0.002 -19"><span class='ocrx_word' id='word_1_60' title='bbox 229 1217 262 1278; x_wconf 86' lang='lat' dir='ltr'><strong>et</strong></span> <span class='ocrx_word' id='word_1_61' title='bbox 282 1211 387 1297; x_wconf 80' lang='lat' dir='ltr'>Eurys</span> <span class='ocrx_word' id='word_1_62' title='bbox 427 1233 510 1296; x_wconf 74' lang='lat' dir='ltr'><strong>enas,</strong></span> <span class='ocrx_word' id='word_1_63' title='bbox 536 1212 591 1295; x_wconf 91' lang='lat' dir='ltr'><strong>qui</strong></span> <span class='ocrx_word' id='word_1_64' title='bbox 613 1211 774 1295; x_wconf 80' lang='lat' dir='ltr'><strong>principes</strong></span> <span class='ocrx_word' id='word_1_65' title='bbox 802 1232 841 1276; x_wconf 81' lang='lat' dir='ltr'><strong>ex</strong></span> <span class='ocrx_word' id='word_1_66' title='bbox 867 1211 1022 1296; x_wconf 82' lang='lat' dir='ltr'><strong>progenie</strong></span> <span class='ocrx_word' id='word_1_67' title='bbox 1046 1209 1194 1276; x_wconf 85' lang='lat' dir='ltr'><strong>Herculis</strong></span> 
     </span>
     <span class='ocr_line' id='line_1_11' title="bbox 200 1293 1195 1383; baseline 0.002 -25"><span class='ocrx_word' id='word_1_68' title='bbox 200 1295 364 1380; x_wconf 82' lang='lat' dir='ltr'><strong>eSpartae</strong></span> <span class='ocrx_word' id='word_1_69' title='bbox 386 1316 477 1383; x_wconf 82' lang='lat' dir='ltr'><strong>reges</strong></span> <span class='ocrx_word' id='word_1_70' title='bbox 499 1296 640 1360; x_wconf 82' lang='lat' dir='ltr'><strong>fuerunt</strong></span> <span class='ocrx_word' id='word_1_71' title='bbox 682 1296 800 1359; x_wconf 88' lang='lat' dir='ltr'><strong>horum</strong></span> <span class='ocrx_word' id='word_1_72' title='bbox 821 1315 860 1359; x_wconf 87' lang='lat' dir='ltr'><strong>ex</strong></span> <span class='ocrx_word' id='word_1_73' title='bbox 882 1293 983 1359; x_wconf 87' lang='lat' dir='ltr'><strong>altera</strong></span> <span class='ocrx_word' id='word_1_74' title='bbox 1004 1295 1039 1358; x_wconf 90' lang='lat' dir='ltr'><strong>in</strong></span> <span class='ocrx_word' id='word_1_75' title='bbox 1061 1295 1195 1360; x_wconf 87' lang='lat' dir='ltr'><strong>alterius</strong></span> 
     </span>
     <span class='ocr_line' id='line_1_12' title="bbox 229 1379 1193 1462; baseline -0.002 -16"><span class='ocrx_word' id='word_1_76' title='bbox 229 1381 369 1446; x_wconf 89' lang='lat' dir='ltr'><strong>familiae</strong></span> <span class='ocrx_word' id='word_1_77' title='bbox 391 1382 498 1446; x_wconf 89' lang='lat' dir='ltr'><strong>locum</strong></span> <span class='ocrx_word' id='word_1_78' title='bbox 518 1380 588 1444; x_wconf 90' lang='lat' dir='ltr'><strong>fieri</strong></span> <span class='ocrx_word' id='word_1_79' title='bbox 609 1400 677 1444; x_wconf 88' lang='lat' dir='ltr'><strong>nou</strong></span> <span class='ocrx_word' id='word_1_80' title='bbox 705 1379 836 1444; x_wconf 86' lang='lat' dir='ltr'><strong>licebat:</strong></span> <span class='ocrx_word' id='word_1_81' title='bbox 868 1379 915 1444; x_wconf 86' lang='lat' dir='ltr'><strong>ita</strong></span> <span class='ocrx_word' id='word_1_82' title='bbox 935 1382 1071 1462; x_wconf 62' lang='lat' dir='ltr'><strong>umus</strong></span> <span class='ocrx_word' id='word_1_83' title='bbox 1097 1399 1193 1444; x_wconf 89' lang='lat' dir='ltr'><strong>suum</strong></span> 
     </span>
     <span class='ocr_line' id='line_1_13' title="bbox 229 1462 1193 1548; baseline -0.003 -18"><span class='ocrx_word' id='word_1_84' title='bbox 229 1466 389 1531; x_wconf 87' lang='lat' dir='ltr'><strong>retinebat</strong></span> <span class='ocrx_word' id='word_1_85' title='bbox 422 1464 578 1530; x_wconf 85' lang='lat' dir='ltr'><strong>ordinem.</strong></span> <span class='ocrx_word' id='word_1_86' title='bbox 631 1464 771 1548; x_wconf 86' lang='lat' dir='ltr'><strong>primum</strong></span> <span class='ocrx_word' id='word_1_87' title='bbox 798 1463 880 1529; x_wconf 87' lang='lat' dir='ltr'><strong>ratio</strong></span> <span class='ocrx_word' id='word_1_88' title='bbox 909 1462 1102 1547; x_wconf 78' lang='lat' dir='ltr'><strong>habebatur,</strong></span> <span class='ocrx_word' id='word_1_89' title='bbox 1158 1466 1193 1528; x_wconf 90' lang='lat' dir='ltr'><strong>ui</strong></span> 
     </span>
     <span class='ocr_line' id='line_1_14' title="bbox 229 1485 1162 1644; baseline -0.005 -28"><span class='ocrx_word' id='word_1_90' title='bbox 229 1550 386 1616; x_wconf 83' lang='lat' dir='ltr'><strong>maximus</strong></span> <span class='ocrx_word' id='word_1_91' title='bbox 408 1553 487 1615; x_wconf 88' lang='lat' dir='ltr'><strong>netu</strong></span> <span class='ocrx_word' id='word_1_92' title='bbox 508 1552 591 1614; x_wconf 91' lang='lat' dir='ltr'><strong>esset</strong></span> <span class='ocrx_word' id='word_1_93' title='bbox 612 1570 651 1614; x_wconf 84' lang='lat' dir='ltr'><strong>ex</strong></span> <span class='ocrx_word' id='word_1_94' title='bbox 671 1549 781 1613; x_wconf 88' lang='lat' dir='ltr'><strong>liberis</strong></span> <span class='ocrx_word' id='word_1_95' title='bbox 802 1548 880 1630; x_wconf 85' lang='lat' dir='ltr'><strong>eius,</strong></span> <span class='ocrx_word' id='word_1_96' title='bbox 902 1547 958 1631; x_wconf 92' lang='lat' dir='ltr'><strong>qui</strong></span> <span class='ocrx_word' id='word_1_97' title='bbox 978 1567 1118 1644; x_wconf 79' lang='lat' dir='ltr'><strong>regnans</strong></span> <span class='ocrx_word' id='word_1_98' title='bbox 1136 1485 1162 1612; x_wconf 70' lang='lat' dir='ltr'><strong>d</strong></span> 
     </span>
     <span class='ocr_line' id='line_1_15' title="bbox 229 1630 1192 1729; baseline -0.004 -29"><span class='ocrx_word' id='word_1_99' title='bbox 229 1634 388 1701; x_wconf 86' lang='lat' dir='ltr'><strong>cessisset:</strong></span> <span class='ocrx_word' id='word_1_100' title='bbox 421 1635 472 1700; x_wconf 89' lang='lat' dir='ltr'><strong>sin</strong></span> <span class='ocrx_word' id='word_1_101' title='bbox 493 1635 521 1699; x_wconf 89' lang='lat' dir='ltr'><strong>is</strong></span> <span class='ocrx_word' id='word_1_102' title='bbox 543 1634 669 1700; x_wconf 80' lang='lat' dir='ltr'><strong>virilem</strong></span> <span class='ocrx_word' id='word_1_103' title='bbox 690 1654 800 1698; x_wconf 86' lang='lat' dir='ltr'><strong>sexum</strong></span> <span class='ocrx_word' id='word_1_104' title='bbox 821 1653 889 1699; x_wconf 89' lang='lat' dir='ltr'><strong>non</strong></span> <span class='ocrx_word' id='word_1_105' title='bbox 910 1630 1100 1729; x_wconf 78' lang='lat' dir='ltr'><strong>reliquisset,</strong></span> <span class='ocrx_word' id='word_1_106' title='bbox 1121 1634 1192 1696; x_wconf 91' lang='lat' dir='ltr'><strong>tum</strong></span> 
     </span>
     <span class='ocr_line' id='line_1_16' title="bbox 199 1715 1192 1864; baseline -0.001 -83"><span class='ocrx_word' id='word_1_107' title='bbox 199 1731 215 1781; x_wconf 79' lang='grc'><strong>4</strong></span> <span class='ocrx_word' id='word_1_108' title='bbox 231 1719 439 1806; x_wconf 80' lang='lat' dir='ltr'><strong>deligebatur,</strong></span> <span class='ocrx_word' id='word_1_109' title='bbox 462 1719 518 1802; x_wconf 90' lang='lat' dir='ltr'><strong>qui</strong></span> <span class='ocrx_word' id='word_1_110' title='bbox 532 1717 695 1802; x_wconf 85' lang='lat' dir='ltr'><strong>proximus</strong></span> <span class='ocrx_word' id='word_1_111' title='bbox 717 1715 1064 1864; x_wconf 67' lang='lat' dir='ltr'><strong>emetpropinqmmm.</strong></span> <span class='ocrx_word' id='word_1_112' title='bbox 1108 1737 1192 1781; x_wconf 89' lang='lat' dir='ltr'><strong>mor-</strong></span> 
     </span>
     <span class='ocr_line' id='line_1_17' title="bbox 229 1799 1193 1887; baseline -0.003 -20"><span class='ocrx_word' id='word_1_113' title='bbox 229 1808 303 1868; x_wconf 88' lang='lat' dir='ltr'><strong>tuus</strong></span> <span class='ocrx_word' id='word_1_114' title='bbox 325 1806 394 1867; x_wconf 89' lang='lat' dir='ltr'><strong>erat</strong></span> <span class='ocrx_word' id='word_1_115' title='bbox 408 1802 490 1887; x_wconf 78' lang='lat' dir='ltr'><strong>Agis</strong></span> <span class='ocrx_word' id='word_1_116' title='bbox 511 1822 576 1885; x_wconf 86' lang='lat' dir='ltr'><strong>rex,</strong></span> <span class='ocrx_word' id='word_1_117' title='bbox 599 1801 698 1866; x_wconf 86' lang='lat' dir='ltr'><strong>frater</strong></span> <span class='ocrx_word' id='word_1_118' title='bbox 719 1801 817 1885; x_wconf 79' lang='lat' dir='ltr'><strong>Ages&#39;</strong></span> <span class='ocrx_word' id='word_1_119' title='bbox 832 1800 878 1865; x_wconf 75' lang='lat' dir='ltr'><strong>ait</strong></span> <span class='ocrx_word' id='word_1_120' title='bbox 900 1800 1002 1864; x_wconf 88' lang='lat' dir='ltr'><strong>filrum</strong></span> <span class='ocrx_word' id='word_1_121' title='bbox 1018 1799 1193 1883; x_wconf 89' lang='lat' dir='ltr'><strong>reliquerat</strong></span> 
     </span>
    </p>
   </div>
   <div class='ocr_carea' id='block_1_4' title="bbox 192 1885 1192 3484">
    <p class='ocr_par' dir='ltr' id='par_1_4' title="bbox 192 1885 1192 3484">
     <span class='ocr_line' id='line_1_18' title="bbox 229 1885 1191 1971; baseline -0.004 -19"><span class='ocrx_word' id='word_1_122' title='bbox 229 1886 467 1971; x_wconf 76' lang='lat' dir='ltr'><strong>Leotychidem.</strong></span> <span class='ocrx_word' id='word_1_123' title='bbox 516 1906 611 1970; x_wconf 89' lang='lat' dir='ltr'><strong>quem</strong></span> <span class='ocrx_word' id='word_1_124' title='bbox 639 1885 694 1950; x_wconf 91' lang='lat' dir='ltr'><strong>ille</strong></span> <span class='ocrx_word' id='word_1_125' title='bbox 715 1889 827 1949; x_wconf 86' lang='lat' dir='ltr'><strong>natum</strong></span> <span class='ocrx_word' id='word_1_126' title='bbox 854 1904 922 1950; x_wconf 92' lang='lat' dir='ltr'><strong>non</strong></span> <span class='ocrx_word' id='word_1_127' title='bbox 943 1887 1090 1969; x_wconf 75' lang='lat' dir='ltr'><strong>agnorat,</strong></span> <span class='ocrx_word' id='word_1_128' title='bbox 1115 1904 1191 1948; x_wconf 87' lang='lat' dir='ltr'><strong>cun-</strong></span> 
     </span>
     <span class='ocr_line' id='line_1_19' title="bbox 229 1967 1189 2053; baseline -0.007 -16"><span class='ocrx_word' id='word_1_129' title='bbox 229 1971 302 2036; x_wconf 90' lang='lat' dir='ltr'><strong>dem</strong></span> <span class='ocrx_word' id='word_1_130' title='bbox 323 1971 464 2036; x_wconf 87' lang='lat' dir='ltr'><strong>moriens</strong></span> <span class='ocrx_word' id='word_1_131' title='bbox 485 1991 578 2037; x_wconf 87' lang='lat' dir='ltr'><strong>suum</strong></span> <span class='ocrx_word' id='word_1_132' title='bbox 600 1981 667 2035; x_wconf 82' lang='lat' dir='ltr'><strong>esse</strong></span> <span class='ocrx_word' id='word_1_133' title='bbox 682 1969 813 2034; x_wconf 84' lang='lat' dir='ltr'><strong>dixerat.</strong></span> <span class='ocrx_word' id='word_1_134' title='bbox 850 1969 878 2034; x_wconf 90' lang='lat' dir='ltr'><strong>is</strong></span> <span class='ocrx_word' id='word_1_135' title='bbox 900 1967 938 2032; x_wconf 90' lang='lat' dir='ltr'><strong>de</strong></span> <span class='ocrx_word' id='word_1_136' title='bbox 960 1967 1084 2034; x_wconf 88' lang='lat' dir='ltr'><strong>honore</strong></span> <span class='ocrx_word' id='word_1_137' title='bbox 1098 1971 1189 2053; x_wconf 79' lang='lat' dir='ltr'><strong>regal</strong></span> 
     </span>
     <span class='ocr_line' id='line_1_20' title="bbox 228 2049 1192 2141; baseline -0.005 -21"><span class='ocrx_word' id='word_1_138' title='bbox 228 2076 302 2120; x_wconf 89' lang='lat' dir='ltr'><strong>eum</strong></span> <span class='ocrx_word' id='word_1_139' title='bbox 316 2055 478 2141; x_wconf 79' lang='lat' dir='ltr'><strong>Agesilao,</strong></span> <span class='ocrx_word' id='word_1_140' title='bbox 499 2058 615 2138; x_wconf 89' lang='lat' dir='ltr'><strong>patruo</strong></span> <span class='ocrx_word' id='word_1_141' title='bbox 633 2076 701 2138; x_wconf 88' lang='lat' dir='ltr'><strong>suo,</strong></span> <span class='ocrx_word' id='word_1_142' title='bbox 724 2049 899 2136; x_wconf 87' lang='lat' dir='ltr'><strong>contendit,</strong></span> <span class='ocrx_word' id='word_1_143' title='bbox 921 2073 1025 2136; x_wconf 88' lang='lat' dir='ltr'><strong>neque</strong></span> <span class='ocrx_word' id='word_1_144' title='bbox 1039 2051 1082 2135; x_wconf 79' lang='lat' dir='ltr'><strong>id,</strong></span> <span class='ocrx_word' id='word_1_145' title='bbox 1105 2054 1192 2136; x_wconf 88' lang='lat' dir='ltr'><strong>quod</strong></span> 
     </span>
     <span class='ocr_line' id='line_1_21' title="bbox 200 2135 1190 2223; baseline 0.003 -24"><span class='ocrx_word' id='word_1_146' title='bbox 200 2151 214 2199; x_wconf 83' lang='lat' dir='ltr'><strong>a</strong></span> <span class='ocrx_word' id='word_1_147' title='bbox 253 2139 359 2223; x_wconf 73' lang='lat' dir='ltr'><strong>elisit,</strong></span> <span class='ocrx_word' id='word_1_148' title='bbox 385 2142 574 2204; x_wconf 84' lang='lat' dir='ltr'><strong>consecutus</strong></span> <span class='ocrx_word' id='word_1_149' title='bbox 596 2142 653 2202; x_wconf 88' lang='lat' dir='ltr'><strong>est.</strong></span> <span class='ocrx_word' id='word_1_150' title='bbox 701 2159 777 2202; x_wconf 91' lang='lat' dir='ltr'><strong>nam</strong></span> <span class='ocrx_word' id='word_1_151' title='bbox 798 2136 963 2221; x_wconf 73' lang='lat' dir='ltr'><strong>Lysandro</strong></span> <span class='ocrx_word' id='word_1_152' title='bbox 985 2135 1190 2221; x_wconf 80' lang='lat' dir='ltr'><strong>suffragante,</strong></span> 
     </span>
     <span class='ocr_line' id='line_1_22' title="bbox 228 2161 991 2391; baseline -0.002 -19"><span class='ocrx_word' id='word_1_153' title='bbox 228 2161 932 2391; x_wconf 60' lang='lat' dir='ltr'><strong>{sustentasset</strong></span> <span class='ocrx_word' id='word_1_154' title='bbox 959 2222 991 2285; x_wconf 58' lang='lat' dir='ltr'><strong>l</strong></span> 
     </span>
     <span class='ocr_line' id='line_1_23' title="bbox 192 2354 1192 2474; baseline -0.001 -20"><span class='ocrx_word' id='word_1_155' title='bbox 192 2393 213 2454; x_wconf 82' lang='lat'><strong><em>2</em></strong></span> <span class='ocrx_word' id='word_1_156' title='bbox 357 2411 375 2456; x_wconf 89' lang='lat' dir='ltr'><strong>c</strong></span> <span class='ocrx_word' id='word_1_157' title='bbox 403 2354 595 2474; x_wconf 81' lang='lat' dir='ltr'><strong>aimdlatque</strong></span> <span class='ocrx_word' id='word_1_158' title='bbox 624 2389 751 2474; x_wconf 88' lang='lat' dir='ltr'><strong>imperii</strong></span> <span class='ocrx_word' id='word_1_159' title='bbox 779 2389 902 2474; x_wconf 86' lang='lat' dir='ltr'><strong>potitus</strong></span> <span class='ocrx_word' id='word_1_160' title='bbox 934 2394 999 2474; x_wconf 87' lang='lat' dir='ltr'><strong>est,</strong></span> <span class='ocrx_word' id='word_1_161' title='bbox 1032 2390 1192 2472; x_wconf 77' lang='lat' dir='ltr'><strong>persuasit</strong></span> 
     </span>
     <span class='ocr_line' id='line_1_24' title="bbox 228 2473 1192 2543; baseline -0.004 -3"><span class='ocrx_word' id='word_1_162' title='bbox 228 2473 488 2543; x_wconf 76' lang='lat' dir='ltr'><strong>Lacedaemoniis</strong></span> <span class='ocrx_word' id='word_1_163' title='bbox 510 2479 548 2539; x_wconf 88' lang='lat' dir='ltr'><strong>ut</strong></span> <span class='ocrx_word' id='word_1_164' title='bbox 568 2476 725 2539; x_wconf 84' lang='lat' dir='ltr'><strong>exercitus</strong></span> <span class='ocrx_word' id='word_1_165' title='bbox 747 2473 930 2538; x_wconf 88' lang='lat' dir='ltr'><strong>emitterent</strong></span> <span class='ocrx_word' id='word_1_166' title='bbox 950 2473 985 2537; x_wconf 90' lang='lat' dir='ltr'><strong>in</strong></span> <span class='ocrx_word' id='word_1_167' title='bbox 999 2474 1111 2538; x_wconf 87' lang='lat' dir='ltr'><strong>Asiam</strong></span> <span class='ocrx_word' id='word_1_168' title='bbox 1124 2474 1192 2538; x_wconf 89' lang='lat' dir='ltr'><strong>bel·</strong></span> 
     </span>
     <span class='ocr_line' id='line_1_25' title="bbox 227 2557 1192 2644; baseline -0.002 -20"><span class='ocrx_word' id='word_1_169' title='bbox 227 2559 358 2644; x_wconf 90' lang='lat' dir='ltr'><strong>lumque</strong></span> <span class='ocrx_word' id='word_1_170' title='bbox 387 2580 420 2624; x_wconf 87' lang='lat' dir='ltr'><strong>re</strong></span> <span class='ocrx_word' id='word_1_171' title='bbox 446 2559 453 2574; x_wconf 89' lang='lat'>&#39;</span> <span class='ocrx_word' id='word_1_172' title='bbox 483 2558 640 2642; x_wconf 86' lang='lat' dir='ltr'><strong>facerent,</strong></span> <span class='ocrx_word' id='word_1_173' title='bbox 673 2558 790 2624; x_wconf 88' lang='lat' dir='ltr'><strong>docens</strong></span> <span class='ocrx_word' id='word_1_174' title='bbox 822 2557 922 2622; x_wconf 82' lang='lat' dir='ltr'><strong>salius</strong></span> <span class='ocrx_word' id='word_1_175' title='bbox 955 2579 1023 2622; x_wconf 86' lang='lat' dir='ltr'><strong>essa</strong></span> <span class='ocrx_word' id='word_1_176' title='bbox 1049 2558 1084 2622; x_wconf 92' lang='lat' dir='ltr'><strong>in</strong></span> <span class='ocrx_word' id='word_1_177' title='bbox 1112 2558 1192 2622; x_wconf 84' lang='lat' dir='ltr'><strong>Asia</strong></span> 
     </span>
     <span class='ocr_line' id='line_1_26' title="bbox 228 2640 1192 2727; baseline -0.003 -19"><span class='ocrx_word' id='word_1_178' title='bbox 228 2663 325 2727; x_wconf 86' lang='lat' dir='ltr'><strong>quam</strong></span> <span class='ocrx_word' id='word_1_179' title='bbox 358 2642 394 2708; x_wconf 91' lang='lat' dir='ltr'><strong>in</strong></span> <span class='ocrx_word' id='word_1_180' title='bbox 449 2663 552 2726; x_wconf 87' lang='lat' dir='ltr'><strong>uropa</strong></span> <span class='ocrx_word' id='word_1_181' title='bbox 579 2641 732 2708; x_wconf 82' lang='lat' dir='ltr'><strong>dimicari.</strong></span> <span class='ocrx_word' id='word_1_182' title='bbox 784 2662 923 2726; x_wconf 91' lang='lat' dir='ltr'><strong>namque</strong></span> <span class='ocrx_word' id='word_1_183' title='bbox 952 2640 1040 2707; x_wconf 83' lang='lat' dir='ltr'><strong>fama</strong></span> <span class='ocrx_word' id='word_1_184' title='bbox 1070 2641 1192 2706; x_wconf 86' lang='lat' dir='ltr'><strong>exierat</strong></span> 
     </span>
     <span class='ocr_line' id='line_1_27' title="bbox 228 2725 1190 2824; baseline -0.002 -32"><span class='ocrx_word' id='word_1_185' title='bbox 228 2729 428 2793; x_wconf 72' lang='lat' dir='ltr'><strong>Amaxensn</strong></span> <span class='ocrx_word' id='word_1_186' title='bbox 442 2747 627 2824; x_wconf 85' lang='lat' dir='ltr'><strong>comparare</strong></span> <span class='ocrx_word' id='word_1_187' title='bbox 648 2727 763 2792; x_wconf 80' lang='lat' dir='ltr'><strong>classes</strong></span> <span class='ocrx_word' id='word_1_188' title='bbox 777 2725 1001 2811; x_wconf 84' lang='lat' dir='ltr'><strong>pedestresque</strong></span> <span class='ocrx_word' id='word_1_189' title='bbox 1023 2725 1190 2808; x_wconf 87' lang='lat' dir='ltr'><strong>exercitus,</strong></span> 
     </span>
     <span class='ocr_line' id='line_1_28' title="bbox 198 2809 1192 2895; baseline 0.004 -25"><span class='ocrx_word' id='word_1_190' title='bbox 198 2822 311 2895; x_wconf 77' lang='lat' dir='ltr'><strong>equos</strong></span> <span class='ocrx_word' id='word_1_191' title='bbox 344 2811 380 2875; x_wconf 92' lang='lat' dir='ltr'><strong>in</strong></span> <span class='ocrx_word' id='word_1_192' title='bbox 412 2810 578 2876; x_wconf 75' lang='lat' dir='ltr'><strong>Graeciam</strong></span> <span class='ocrx_word' id='word_1_193' title='bbox 610 2812 761 2876; x_wconf 86' lang='lat' dir='ltr'><strong>mitteret</strong></span> <span class='ocrx_word' id='word_1_194' title='bbox 805 2809 879 2876; x_wconf 84' lang='lat' dir='ltr'><strong>data</strong></span> <span class='ocrx_word' id='word_1_195' title='bbox 910 2813 1068 2894; x_wconf 81' lang='lat' dir='ltr'><strong>potestate</strong></span> <span class='ocrx_word' id='word_1_196' title='bbox 1100 2813 1192 2874; x_wconf 69' lang='lat' dir='ltr'><strong>muta</strong></span> 
     </span>
     <span class='ocr_line' id='line_1_29' title="bbox 227 2893 1190 2979; baseline -0.003 -18"><span class='ocrx_word' id='word_1_197' title='bbox 227 2895 390 2962; x_wconf 86' lang='lat' dir='ltr'><strong>celeritate</strong></span> <span class='ocrx_word' id='word_1_198' title='bbox 417 2916 492 2960; x_wconf 88' lang='lat' dir='ltr'><strong>usus</strong></span> <span class='ocrx_word' id='word_1_199' title='bbox 520 2898 584 2979; x_wconf 87' lang='lat' dir='ltr'><strong>est,</strong></span> <span class='ocrx_word' id='word_1_200' title='bbox 611 2898 649 2959; x_wconf 90' lang='lat' dir='ltr'><strong>ut</strong></span> <span class='ocrx_word' id='word_1_201' title='bbox 675 2895 764 2979; x_wconf 85' lang='lat' dir='ltr'><strong>prius</strong></span> <span class='ocrx_word' id='word_1_202' title='bbox 792 2893 827 2958; x_wconf 92' lang='lat' dir='ltr'><strong>in</strong></span> <span class='ocrx_word' id='word_1_203' title='bbox 849 2893 961 2959; x_wconf 86' lang='lat' dir='ltr'><strong>Asiam</strong></span> <span class='ocrx_word' id='word_1_204' title='bbox 988 2913 1061 2959; x_wconf 90' lang='lat' dir='ltr'><strong>cum</strong></span> <span class='ocrx_word' id='word_1_205' title='bbox 1089 2893 1190 2978; x_wconf 90' lang='lat' dir='ltr'><strong>copiis</strong></span> 
     </span>
     <span class='ocr_line' id='line_1_30' title="bbox 229 2978 1190 3128; baseline -0.004 -82"><span class='ocrx_word' id='word_1_206' title='bbox 229 2979 426 3128; x_wconf 85' lang='lat' dir='ltr'><strong>pervenerit,</strong></span> <span class='ocrx_word' id='word_1_207' title='bbox 459 3000 555 3064; x_wconf 89' lang='lat' dir='ltr'><strong>quem</strong></span> <span class='ocrx_word' id='word_1_208' title='bbox 584 2979 665 3064; x_wconf 83' lang='lat' dir='ltr'><strong>regii</strong></span> <span class='ocrx_word' id='word_1_209' title='bbox 698 2982 843 3062; x_wconf 86' lang='lat' dir='ltr'><strong>satrapae</strong></span> <span class='ocrx_word' id='word_1_210' title='bbox 874 2999 946 3043; x_wconf 90' lang='lat' dir='ltr'><strong>eum</strong></span> <span class='ocrx_word' id='word_1_211' title='bbox 974 2978 1093 3042; x_wconf 88' lang='lat' dir='ltr'><strong>scirent</strong></span> <span class='ocrx_word' id='word_1_212' title='bbox 1118 2999 1190 3063; x_wconf 90' lang='lat' dir='ltr'><strong>pro-</strong></span> 
     </span>
     <span class='ocr_line' id='line_1_31' title="bbox 244 3061 1191 3148; baseline -0.003 -19"><span class='ocrx_word' id='word_1_213' title='bbox 244 3068 359 3130; x_wconf 88' lang='lat' dir='ltr'><strong>cctum.</strong></span> <span class='ocrx_word' id='word_1_214' title='bbox 404 3084 474 3148; x_wconf 65' lang='lat' dir='ltr'><strong>‚quo</strong></span> <span class='ocrx_word' id='word_1_215' title='bbox 501 3063 622 3130; x_wconf 88' lang='lat' dir='ltr'><strong>factum</strong></span> <span class='ocrx_word' id='word_1_216' title='bbox 650 3066 699 3127; x_wconf 90' lang='lat' dir='ltr'><strong>est</strong></span> <span class='ocrx_word' id='word_1_217' title='bbox 726 3067 763 3127; x_wconf 87' lang='lat' dir='ltr'><strong>ut</strong></span> <span class='ocrx_word' id='word_1_218' title='bbox 786 3082 901 3127; x_wconf 89' lang='lat' dir='ltr'><strong>omnes</strong></span> <span class='ocrx_word' id='word_1_219' title='bbox 927 3063 971 3126; x_wconf 92' lang='lat' dir='ltr'><strong>im</strong></span> <span class='ocrx_word' id='word_1_220' title='bbox 995 3065 1100 3127; x_wconf 87' lang='lat' dir='ltr'><strong>aratos</strong></span> <span class='ocrx_word' id='word_1_221' title='bbox 1132 3061 1191 3126; x_wconf 90' lang='lat' dir='ltr'><strong>im-</strong></span> 
     </span>
     <span class='ocr_line' id='line_1_32' title="bbox 199 3145 1190 3233; baseline -0.003 -21"><span class='ocrx_word' id='word_1_222' title='bbox 199 3161 215 3212; x_wconf 79' lang='lat' dir='ltr'><strong>s</strong></span> <span class='ocrx_word' id='word_1_223' title='bbox 229 3147 464 3233; x_wconf 88' lang='lat' dir='ltr'><strong>prudentesque</strong></span> <span class='ocrx_word' id='word_1_224' title='bbox 477 3147 660 3212; x_wconf 85' lang='lat' dir='ltr'><strong>offenderet.</strong></span> <span class='ocrx_word' id='word_1_225' title='bbox 694 3146 727 3211; x_wconf 93' lang='lat' dir='ltr'><strong>id</strong></span> <span class='ocrx_word' id='word_1_226' title='bbox 741 3150 778 3211; x_wconf 88' lang='lat' dir='ltr'><strong>ut</strong></span> <span class='ocrx_word' id='word_1_227' title='bbox 789 3146 943 3231; x_wconf 79' lang='lat' dir='ltr'><strong>cognovit</strong></span> <span class='ocrx_word' id='word_1_228' title='bbox 983 3145 1190 3230; x_wconf 65' lang='lat' dir='ltr'><strong>&#39;asaphemea</strong></span> 
     </span>
     <span class='ocr_line' id='line_1_33' title="bbox 229 3230 1192 3317; baseline -0.003 -20"><span class='ocrx_word' id='word_1_229' title='bbox 229 3231 285 3317; x_wconf 92' lang='lat' dir='ltr'><strong>qui</strong></span> <span class='ocrx_word' id='word_1_230' title='bbox 299 3252 460 3297; x_wconf 89' lang='lat' dir='ltr'><strong>summum</strong></span> <span class='ocrx_word' id='word_1_231' title='bbox 473 3231 644 3316; x_wconf 89' lang='lat' dir='ltr'><strong>imperium</strong></span> <span class='ocrx_word' id='word_1_232' title='bbox 658 3233 727 3294; x_wconf 91' lang='lat' dir='ltr'><strong>tum</strong></span> <span class='ocrx_word' id='word_1_233' title='bbox 749 3231 834 3295; x_wconf 85' lang='lat' dir='ltr'><strong>inter</strong></span> <span class='ocrx_word' id='word_1_234' title='bbox 853 3230 1032 3315; x_wconf 83' lang='lat' dir='ltr'><strong>praefectos</strong></span> <span class='ocrx_word' id='word_1_235' title='bbox 1053 3230 1192 3295; x_wconf 85' lang='lat' dir='ltr'><strong>habebat</strong></span> 
     </span>
     <span class='ocr_line' id='line_1_34' title="bbox 229 3313 1190 3403; baseline -0.006 -20"><span class='ocrx_word' id='word_1_236' title='bbox 229 3317 345 3403; x_wconf 80' lang='lat' dir='ltr'><strong>regios,</strong></span> <span class='ocrx_word' id='word_1_237' title='bbox 367 3315 511 3380; x_wconf 85' lang='lat' dir='ltr'><strong>inducias</strong></span> <span class='ocrx_word' id='word_1_238' title='bbox 533 3337 553 3380; x_wconf 92' lang='lat' dir='ltr'><strong>a</strong></span> <span class='ocrx_word' id='word_1_239' title='bbox 573 3315 701 3380; x_wconf 87' lang='lat' dir='ltr'><strong>Lacone</strong></span> <span class='ocrx_word' id='word_1_240' title='bbox 723 3314 853 3399; x_wconf 87' lang='lat' dir='ltr'><strong>petivit,</strong></span> <span class='ocrx_word' id='word_1_241' title='bbox 885 3313 1039 3380; x_wconf 85' lang='lat' dir='ltr'><strong>simulans</strong></span> <span class='ocrx_word' id='word_1_242' title='bbox 1061 3334 1095 3377; x_wconf 88' lang='lat' dir='ltr'><strong>se</strong></span> <span class='ocrx_word' id='word_1_243' title='bbox 1116 3313 1190 3378; x_wconf 81' lang='lat' dir='ltr'><strong>dare</strong></span> 
     </span>
     <span class='ocr_line' id='line_1_35' title="bbox 230 3397 1191 3484; baseline -0.004 -18"><span class='ocrx_word' id='word_1_244' title='bbox 230 3421 359 3484; x_wconf 86' lang='lat' dir='ltr'><strong>operam</strong></span> <span class='ocrx_word' id='word_1_245' title='bbox 365 3448 375 3484; x_wconf 91' lang='lat'>‚</span> <span class='ocrx_word' id='word_1_246' title='bbox 404 3402 441 3464; x_wconf 87' lang='lat' dir='ltr'><strong>ut</strong></span> <span class='ocrx_word' id='word_1_247' title='bbox 462 3398 722 3464; x_wconf 88' lang='lat' dir='ltr'><strong>Lacedaemoniis</strong></span> <span class='ocrx_word' id='word_1_248' title='bbox 744 3420 817 3464; x_wconf 91' lang='lat' dir='ltr'><strong>cum</strong></span> <span class='ocrx_word' id='word_1_249' title='bbox 838 3419 912 3480; x_wconf 84' lang='lat' dir='ltr'><strong>rega</strong></span> <span class='ocrx_word' id='word_1_250' title='bbox 933 3397 1134 3480; x_wconf 83' lang='lat' dir='ltr'><strong>conveniret,</strong></span> <span class='ocrx_word' id='word_1_251' title='bbox 1157 3419 1191 3462; x_wconf 91' lang='lat' dir='ltr'><strong>re</strong></span> 
     </span>
    </p>
   </div>
   <div class='ocr_carea' id='block_1_5' title="bbox 230 3482 1288 3568">
    <p class='ocr_par' dir='ltr' id='par_1_5' title="bbox 230 3482 1288 3568">
     <span class='ocr_line' id='line_1_36' title="bbox 230 3482 1288 3568; baseline -0.002 -20"><span class='ocrx_word' id='word_1_252' title='bbox 230 3486 336 3549; x_wconf 87' lang='lat' dir='ltr'><strong>autem</strong></span> <span class='ocrx_word' id='word_1_253' title='bbox 351 3504 426 3549; x_wconf 82' lang='lat' dir='ltr'><strong>vera</strong></span> <span class='ocrx_word' id='word_1_254' title='bbox 440 3483 480 3549; x_wconf 92' lang='lat' dir='ltr'><strong>ad</strong></span> <span class='ocrx_word' id='word_1_255' title='bbox 495 3485 603 3568; x_wconf 84' lang='lat' dir='ltr'><strong>copias</strong></span> <span class='ocrx_word' id='word_1_256' title='bbox 618 3482 857 3567; x_wconf 88' lang='lat' dir='ltr'><strong>comparandas,</strong></span> <span class='ocrx_word' id='word_1_257' title='bbox 878 3502 995 3565; x_wconf 86' lang='lat' dir='ltr'><strong>easque</strong></span> <span class='ocrx_word' id='word_1_258' title='bbox 1008 3482 1193 3567; x_wconf 72' lang='lat' dir='ltr'><strong>impetravit</strong></span> <span class='ocrx_word' id='word_1_259' title='bbox 1287 3513 1288 3516; x_wconf 36' lang='lat'>¹</span> 
     </span>
    </p>
   </div>
   <div class='ocr_carea' id='block_1_6' title="bbox 0 0 1308 3940">
    <p class='ocr_par' dir='ltr' id='par_1_6' title="bbox 0 0 1308 3940">
     <span class='ocr_line' id='line_1_37' title="bbox 0 0 1308 3940; baseline 0 0"><span class='ocrx_word' id='word_1_260' title='bbox 0 0 1308 3940; x_wconf 95' lang='lat' dir='ltr'><strong> </strong></span> 
     </span>
    </p>
   </div>
  </div>
 </body>
</html>
