2590 3946
218 224 261 288 20
560 235 593 284 v.
625 235 744 287 uuor.
765 231 790 281 a.
812 232 836 282 a.

182 375 205 441 2
305 372 376 438 Tali
397 371 492 437 modo
508 369 652 437 custodie
672 370 825 434 liberatus
840 367 956 441 Cimon
977 366 1123 432 celeriter
1142 365 1188 430 ed

221 457 438 541 principatum
458 455 614 539 pervenit.
655 453 795 518 habebat
821 453 907 518 enim
934 451 1011 517 satis
1032 451 1188 534 eloquen-

221 542 296 624 tiae,
312 561 469 606 summam
478 538 715 619 liberalitatem,
728 557 879 622 magnam
892 535 1096 619 prudentiam
1110 555 1189 600 curn

222 625 301 690 iuris
328 625 432 690 civilis
458 626 529 688 tom
554 622 601 687 rei
634 621 796 703 militaris,
830 619 916 702 quod
948 641 1021 688 cum
1046 622 1138 704 patre
1168 641 1190 680 a

222 730 322 792 puero
344 710 381 774 in
397 707 593 772 exercitibus
621 704 727 770 fixerat
752 707 905 771 versatus.
947 704 1055 787 itaque
1076 702 1130 766 hio
1154 706 1191 766 et

222 792 379 876 populum
404 791 563 856 urbanum
588 791 625 854 in
651 811 710 853 sua
730 787 835 852 tenuit
859 790 1019 871 potestate
1045 791 1079 852 et
1099 785 1190 870 apud

193 877 399 941 aexercitum
419 875 595 958 plurimum
615 873 718 938 valuit
732 871 930 937 auctoritate.
966 872 1105 956 primum
1127 869 1190 934 im·

223 962 353 1043 perator
374 957 459 1041 apud
480 958 600 1022 fiumen
622 955 794 1040 Strymona
812 975 946 1040 magnes
964 956 1071 1039 copias
1085 953 1190 1020 Thre-

224 1064 298 1108 cum
319 1042 460 1128 fugarit,
482 1063 502 1106 o
525 1041 637 1125 pidum
651 1038 874 1123 Amphipolim
895 1039 1063 1106 constituit
1084 1059 1189 1122 eoque

223 1127 332 1190 decem
352 1125 442 1190 milia
462 1127 494 1192 A
532 1125 711 1190 eniensium
732 1123 768 1188 in
788 1123 948 1188 coloniam
963 1123 1060 1190 misit.
1100 1121 1190 1186 idem

224 1211 343 1274 iterum
364 1209 449 1293 apud
469 1209 618 1292 Mycalen
639 1206 830 1290 Cypriorum
857 1211 890 1270 et
910 1205 1110 1272 Phoenicum
1132 1207 1190 1270 du-

165 1345 166 1348 ,
196 1297 391 1360 secutarum
412 1294 544 1358 narium
565 1293 697 1358 classem
729 1288 885 1356 devictam
907 1290 992 1373 cepit
1012 1289 1191 1373 eodemque

225 1377 276 1441 die
320 1378 368 1442 ari
386 1376 519 1442 fortuna
539 1376 575 1440 in
595 1379 681 1440 terra
700 1396 777 1442 usus
799 1379 856 1440 est.
892 1394 1030 1458 namque
1045 1374 1191 1439 hostium

226 1399 363 1526 navibus
389 1461 491 1545 captis
518 1460 627 1526 statim
654 1480 694 1524 ex
723 1459 822 1524 classe
848 1459 956 1544 copiae
977 1479 1051 1524 suas
1079 1457 1190 1522 eduxit

228 1545 500 1630 barbarorumque
521 1545 693 1609 maximam
707 1544 774 1608 vim
795 1564 860 1609 uno
875 1562 1033 1608 concursu
1048 1545 1189 1627 prostra-

196 1630 285 1694 evit.
322 1651 385 1713 qua
399 1629 534 1694 victoria
555 1648 673 1726 magna
693 1627 811 1712 praede
847 1627 946 1692 otitus
963 1648 1035 1691 cum
1057 1626 1189 1722 domum

226 1716 455 1797 reverteretur,
493 1710 580 1795 quod
612 1732 677 1775 ram
704 1731 796 1776 nonn
843 1730 880 1774 ae
906 1710 1030 1776 insulae
1056 1723 1190 1795 propter

227 1795 434 1860 acerbitatem
460 1795 588 1878 imperii
609 1794 805 1878 defecerant,
832 1794 914 1858 bene
936 1795 1092 1861 animatas
1114 1815 1190 1858 con.-

199 1879 383 1963 ofirmarit,
406 1877 561 1945 alienates
581 1878 622 1945 sd
643 1878 785 1943 officinm
810 1878 913 1944 redire
945 1879 1060 1964 coegit.
1114 1877 1189 1962 Sey-

226 1985 315 2047 rum,
343 1984 441 2047 quam
468 1985 506 2029 eo
533 1967 678 2047 ternpore
704 1961 847 2046 Dolopes
875 1963 1075 2046 incolebant,
1102 1963 1190 2047 quod

227 2049 446 2112 contumacius
460 2069 495 2112 se
509 2050 683 2131 gesserant,
705 2046 890 2130 vacuefecit,
912 2067 1050 2113 sessores
1065 2050 1187 2112 veteres

99 2153 103 2158 ·
228 2131 307 2194 urbe
328 2130 497 2212 insulaque
520 2129 622 2212 eiecit,
644 2149 739 2214 agros
760 2129 883 2196 civibus
901 2129 1017 2196 divisit
1053 2129 1187 2196 Thasios

228 2213 604 2362 {sitiuntur
624 2212 1188 2384 ttthf‘tttutttgttt

108 2336 121 2358 ⁹
610 2345 619 2380 r
1103 2348 1113 2380 s

229 2384 351 2446 ornata
770 2417 777 2421 -

192 2464 213 2528 3
317 2464 439 2542 Quibus
461 2467 555 2532 rebus
577 2487 651 2532 cum
671 2487 754 2532 unus
776 2468 811 2532 in
833 2467 961 2532 civitate
975 2470 1111 2533 maxime
1132 2469 1187 2534 flo-

228 2555 326 2633 reret,
349 2549 463 2628 incidit
483 2551 519 2614 in
546 2550 679 2616 eandem
704 2548 858 2616 invidiam
885 2573 980 2635 quem
1001 2555 1093 2635 pater
1113 2573 1187 2618 suus

229 2636 390 2718 ceterique
427 2633 676 2699 Atheniensium
706 2635 881 2718 principes:
922 2656 999 2700 nam
1035 2639 1187 2702 testarum

231 2716 390 2803 suffragiis
413 2717 511 2805 [quod
525 2718 574 2782 illi
597 2719 803 2798 dcrpenrpdv
818 2719 944 2804 vocent]
968 2719 1075 2784 decem
1090 2740 1187 2784 anno·

200 2813 302 2868 arum
324 2801 595 2878 exiliomultatus
615 2805 673 2866 est.
727 2803 818 2868 cuius
838 2801 916 2868 facti
937 2804 1069 2868 celerius
1089 2803 1188 2869 Athe·

229 2888 358 2952 uienses
380 2906 477 2983 quam
497 2887 604 2969 ipsum
617 2885 785 2967 paenituit.
821 2907 897 2951 nam
918 2908 991 2952 cum
1004 2887 1059 2952 ille
1082 2888 1187 2954 animo
1231 2937 1238 2948 .

229 2971 308 3036 forti
334 2969 473 3035 invidiae
494 2970 696 3054 ingratorum
714 2969 833 3035 civium
847 2971 992 3038 cessisset
1007 2971 1186 3055 bellumque

230 3053 475 3119 Lacedaemonii
500 3052 752 3118 Atheniensibus
783 3053 988 3139 indixissent,
1020 3057 1186 3123 confestim

201 3147 217 3196 s
231 3141 328 3202 notae
343 3137 411 3202 eius
425 3137 554 3202 virtutis
568 3135 759 3202 desiderium
772 3143 978 3206 consecutum
992 3146 1050 3206 est.
1082 3142 1187 3224 itaque

231 3223 306 3305 post
319 3241 440 3285 annum
455 3221 613 3305 quintum,
636 3241 732 3305 quam
747 3223 896 3321 expulsus
913 3226 990 3306 erat,
1004 3225 1040 3290 in
1053 3226 1187 3309 patriam

231 3306 397 3370 revocatus
419 3307 476 3369 est.
513 3303 577 3389 ille,
599 3305 686 3403 quod
706 3305 848 3391 hospitio
865 3306 1187 3376 Lacedaemoniorum

232 3389 409 3476 utebatur,
432 3389 532 3453 setius
564 3389 749 3455 emetimans
776 3391 1059 3474 monteronem
1091 3396 1188 3461 nmis

233 3472 434 3555 contendere,
457 3472 728 3541 Lacedaemonem
750 3495 807 3538 sua
823 3478 937 3556 sponte
960 3480 1009 3541 est
1029 3477 1187 3560 profectus
