2590 3946
219 220 262 290 52
511 237 584 285 xiv.
622 235 796 284 uncinus.
818 231 843 280 ⁵.
865 233 892 284 c.

221 392 285 455 quo
308 373 394 436 facto
412 371 519 436 cuncti
534 371 573 436 ad
595 393 668 436 eum
685 371 930 454 opprimendum
944 373 1190 435 consenserunt.
1288 349 1289 418 Ῐ

191 457 301 521 ahacc
315 455 508 537 Pandantes,
531 477 627 540 gazae
650 458 804 520 custosne
831 455 887 537 'aa
910 454 1030 519 amicus
1044 452 1190 538 Datami,
1288 469 1289 528 g

295 541 398 624 cripta
420 540 449 606 ei
470 540 584 623 mittit,
606 540 641 604 in
664 540 779 621 quibus
823 543 895 604 ocet
916 559 989 603 eum
1009 539 1045 602 in
1066 560 1189 624 magno
1288 547 1289 586 l

237 647 291 690 oro
324 624 482 708 periculo,
519 625 547 688 si
581 623 658 706 quid
690 624 746 688 illo
780 625 958 707 imperante
994 621 1119 688 adversi
1152 623 1190 686 in

191 713 372 794 4Aegypto
400 707 575 775 accidisset
623 729 763 789 namque
791 729 862 772 eam
889 728 957 772 osse
985 706 1191 772 consuetudi-

221 791 1190 960 lldnltdllallalfflllaldVllltllmllildfll‘ildttl'

221 963 331 1028 lantur
352 962 393 1026 ad
414 983 525 1026 eorum
546 961 731 1045 perniciem,
753 982 890 1044 quorum
912 959 1009 1024 ductu
1029 981 1081 1024 ree
1102 959 1190 1023 male

222 1049 330 1130 gestae
351 1046 551 1112 nuntientur.
592 1046 684 1110 illum
705 1045 768 1110 hoc
788 1044 909 1110 maiore
931 1044 1001 1108 l'ore
1022 1044 1058 1108 in
1080 1043 1190 1108 discri-

223 1129 320 1212 mine‚
343 1130 438 1213 quod,
461 1131 576 1214 quibus
598 1152 655 1195 rex
668 1130 805 1194 maxime
821 1128 978 1209 oboediat,
1002 1149 1056 1193 eos
1070 1129 1191 1194 habeat

193 1214 470 1286 cinimieissimos.
510 1214 628 1280 talibus
649 1214 705 1278 ille
726 1214 841 1278 litteris
858 1213 1006 1297 cognitis,
1028 1233 1101 1277 euin
1122 1213 1191 1277 iam

223 1300 264 1364 ad
286 1299 459 1364 exercitum
479 1302 570 1364 Acen
585 1299 738 1380 venisset,
762 1297 848 1380 quod
869 1318 937 1361 non
958 1297 1129 1382 ignorabat
1150 1317 1190 1362 ea

223 1404 298 1448 vere
319 1383 447 1478 scripta,
469 1381 641 1479 desciscere
663 1405 683 1446 a
703 1401 779 1530 refige
801 1381 977 1446 constituit.
1010 1402 1119 1478 ¹neque
1141 1384 1190 1445 ta-

194 1488 301 1616 dl:
335 1467 601 1616 multata
624 1467 731 1616 td..
753 1466 1189 1634 tlt‘ttttdtttt.

224 1657 297 1702 cum
328 1634 394 1700 suis
427 1636 461 1698 in
491 1635 601 1718 Cappa
623 1635 725 1700 ociam
758 1634 890 1700 discedit
919 1634 1188 1716 coniunctamque

223 1721 298 1786 huic
325 1720 581 1804 Paphlagoniam
611 1724 759 1800 occupat,
784 1720 906 1802 celans,
935 1740 999 1801 qua
1020 1717 1189 1783 voluntate

224 1811 306 1868 esset
327 1803 501 1888 integens.
545 1803 628 1868 clam
650 1823 722 1868 cum
742 1802 960 1868 Ariobarzane
981 1802 1059 1867 facit
1079 1802 1189 1868 amici-

223 1888 317 2040 ῒαίὲιέη,
344 1909 476 2038 {lanum
504 1891 682 1970 comparat,
711 1887 805 1950 urbes
832 1887 973 1952 munitas
1002 1886 1067 1951 suis
1094 1891 1188 1952 tuen·

301 1977 352 2038 tra
376 1974 408 2038 't.

187 2059 208 2124 6
310 2055 372 2122 Sed
399 2059 479 2122 haec
505 2060 637 2141 propter
664 2055 801 2120 hiemale
827 2062 954 2140 tempus
980 2057 1086 2122 minus
1114 2076 1186 2138 pro·

223 2163 315 2224 spere
347 2141 571 2224 procedebant.
626 2140 716 2236 audit
741 2138 865 2204 Pisidas
897 2139 1051 2223 quaedam
1078 2139 1187 2223 copias

223 2225 375 2291 adversus
396 2247 430 2291 se
451 2246 575 2308 parare.
618 2224 721 2289 filium
742 2245 780 2288 co
802 2223 974 2289 Arsideum
1000 2245 1073 2289 cum
1099 2245 1187 2288 excr-

224 2310 290 2374 citu
311 2309 426 2376 mittit:
448 2307 533 2374 cadit
553 2309 589 2376 in
603 2309 725 2390 proelio
742 2307 935 2374 adulescens.
995 2307 1187 2374 roficiscitur

224 2416 262 2459 eo
283 2400 376 2480 pater
396 2416 464 2460 non
490 2393 537 2458 ita
557 2413 631 2458 cum
651 2414 771 2478 magne
794 2415 908 2475 manu,
936 2331 1058 2476 celans,
1086 2412 1186 2476 quan-

223 2484 293 2546 tuni
307 2480 424 2545 vulnus
446 2478 620 2561 accepisset
657 2477 743 2562 quod
763 2478 853 2562 prius
876 2476 916 2542 ad
937 2477 1063 2543 hostem
1099 2497 1188 2542 erre·

223 2563 293 2628 nire
310 2564 468 2647 cupiebat,
489 2585 586 2647 quam
608 2528 647 2627 de
669 2563 752 2627 male
770 2583 809 2627 rc
830 2565 922 2646 gesta
942 2561 1029 2626 fama
1050 2497 1098 2626 ad
1111 2580 1188 2625 suos

223 2648 416 2730 perveniret,
437 2668 479 2711 ne
496 2647 626 2732 cognita
640 2647 699 2710 filii
712 2651 816 2711 morte
831 2645 931 2710 animi
945 2644 1188 2710 debilitarentur

194 2742 210 2792 a
225 2731 373 2796 militum.
403 2751 468 2814 quo
482 2731 699 2812 contenderat,
714 2731 861 2814 parvenit
874 2730 977 2812 iisque
990 2730 1069 2794 locis
1083 2731 1188 2793 castra

86 2827 89 2834 '
223 2815 326 2899 ponit,
349 2821 385 2880 ut
405 2835 509 2910 neque
531 2815 691 2881 circumiri
704 2813 911 2880 multitudine
932 2812 1187 2880 adversariorum

248 2903 334 2966 osset
353 2919 458 2982 neque
479 2899 641 2982 impediri,
670 2920 733 2981 quo
755 2899 862 2964 minus
883 2900 951 2982 ipse
973 2898 1015 2963 ad
1035 2897 1187 2963 dimicem

193 2995 210 3044 a
224 2923 302 3050 dum
315 3005 448 3052 manum
461 2983 594 3048 haberet
608 2983 797 3066 expeditam
825 2988 895 3048 crat
909 3004 982 3048 cum
999 3003 1037 3047 eo
1051 2981 1188 3048 Mithro-

224 3069 393 3152 barzanes,
415 3088 505 3133 socer
526 3068 594 3134 cius
630 3068 810 3150 praefectus
832 3088 849 3130 c
872 3068 985 3132 uiturn.
1029 3068 1057 3132 is
1078 3069 1188 3149 despe-

223 3152 302 3216 ratis
347 3152 435 3248 cneri
456 3153 551 3246 rebus
573 3117 614 3216 ad
634 3151 744 3248 licstes
764 3089 948 3249 translugit.
987 3152 1021 3216 id
1034 3152 1187 3219 Datames

173 3305 179 3313 ,
224 3240 261 3302 ut
281 3258 323 3300 au
357 3239 419 3318 vit,
447 3240 562 3319 sensrt,
591 3237 618 3300 si
639 3258 676 3301 m
700 3235 829 3301 turbam
851 3241 967 3302 exisset
993 3239 1034 3302 ab
1056 3237 1188 3302 homine

222 3327 291 3386 tarn
311 3320 490 3386 necessario
516 3341 550 3384 se
572 3321 733 3404 relietum,
760 3320 905 3385 futurum
927 3325 963 3385 ut
990 3322 1088 3386 ceteri
1113 3342 1187 3387 con·

194 3404 332 3469 csilium
347 3408 565 3490 sequerentur,
586 3406 622 3470 in
639 3405 754 3491 vulgus
775 3405 854 3470 edit:
876 3425 933 3470 suo
949 3405 1037 3471 iussu
1052 3405 1187 3472 Mithro-

223 3486 394 3556 barzanem
419 3489 600 3575 profectum
626 3512 685 3576 pro
712 3491 864 3576 perfuga,
896 3509 959 3573 quo
987 3489 1113 3556 facilius
1139 3511 1188 3556 rc·

1285 589 1289 726 l

1286 3337 1288 3414 l
