2590 3946
188 203 210 267 6
493 214 517 264 1.
552 212 753 261 umrmnns.
774 206 850 259 e-r‚

189 373 256 418 non
285 353 403 431 casta,
431 348 486 414 sed
512 369 610 412 naves
637 347 797 431 petierint.
849 367 911 430 qua
937 366 1048 432 pugna
1069 347 1151 416 nihil

190 436 293 534 adlruo
326 433 449 500 exstitit
474 431 630 496 nobilius:
667 431 757 496 nulla
789 430 875 528 enim
907 451 1058 515 umquam
1085 436 1150 498 tam

136 609 173 673 ’6
190 518 933 670 engutluiilrsmlvidtotilidtaunriieihiairoriidaiilietm
947 601 1041 749 ‹puale
1062 621 1151 684 prae·

189 691 290 754 mium
312 686 451 752 Miltiadi
473 686 515 751 sit
536 685 692 750 tributum
713 685 841 768 dooere,
870 706 933 770 quo
971 685 1082 752 aoilius
1105 687 1151 749 in·
1289 711 1291 726 ·

190 773 300 858 tellegi
328 771 431 857 possit
453 769 585 836 eandem
607 769 751 834 omnium
772 770 938 835 civitatum
966 790 1033 836 esse
1061 774 1118 836 nat
1141 807 1152 817 -

160 875 269 923 aram.
324 860 361 921 ut
388 856 473 921 enim
506 854 618 938 populi
644 853 783 920 Romani
817 852 956 920 honores
991 854 1152 938 quondam

191 944 323 1007 fuerunt
344 940 408 1004 rari
436 942 468 1005 et
494 943 607 1006 tenum
635 941 675 1004 ob
703 958 836 1023 eamque
860 958 987 1004 oausam
1009 939 1151 1025 gloriosi,

190 1047 277 1091 nuno
293 1029 400 1090 autem
415 1023 506 1090 effusi
522 1027 617 1107 atque
633 1023 783 1108 obsoleti,
802 1023 847 1088 sio
862 1022 939 1089 olim
954 1045 973 1088 a
996 1024 1039 1088 ud
1053 1024 1152 1090 Athe·

161 1111 318 1176 snienses
340 1109 437 1174 fuisse
460 1110 644 1192 reperimus.
681 1129 819 1191 namque
836 1107 911 1174 huie
964 1107 1073 1190 'tiedi,
1097 1109 1153 1192 qui

190 1195 335 1260 Athenas
364 1196 528 1276 totamque
556 1193 722 1258 Graeciam
750 1192 914 1277 liberarat,
943 1192 1016 1258 telis
1047 1193 1152 1258 honos

189 1280 329 1345 tributus
351 1282 408 1361 est,
430 1278 465 1342 in
487 1278 629 1361 porticu,
658 1298 739 1360 quae
761 1276 889 1342 Poecile
911 1282 1057 1360 vocatur,
1080 1297 1153 1342 oum

189 1383 301 1449 pugna
321 1362 548 1447 depingeretur
569 1360 787 1445 Marathonia,
810 1363 847 1427 ut
877 1362 913 1426 in
935 1361 1043 1426 desem
1062 1383 1152 1446 prae·

190 1453 298 1513 torum
312 1468 445 1512 numero
461 1446 565 1530 prima
579 1446 647 1511 eius
662 1446 770 1532 imago
786 1449 959 1530 poneretur
973 1447 1063 1595 ispue
1078 1446 1152 1512 hor·

159 1536 313 1598 staretur
333 1531 451 1596 milites
473 1531 694 1628 proeliumque
715 1531 937 1630 oommitteret
991 1531 1075 1597 iem
1097 1531 1152 1595 ille
1290 1579 1291 1586 κ

190 1617 339 1766 poputlius,
360 1619 568 1764 posteaqtpaapr
589 1636 692 1680 marus
713 1615 883 1764 imperiuntr
913 1618 961 1765 ppt
984 1619 1097 1766 ηαξξὲιε
1106 1619 1152 1765 tgt

189 1720 811 1851 eruuerrnrrrarr
832 1720 895 1782 ⁰⁵’
949 1719 1026 1764 ⁶⁰⁹³
1089 1721 1152 1765 ⁸‘

156 1871 174 1936 7
278 1868 358 1935 Post
377 1870 440 1934 hoe
466 1869 624 1953 proelium
652 1869 783 1934 classem
813 1886 883 1934 nnn
904 1869 1035 1935 narium
1050 1870 1151 1934 Athe·

188 1956 316 2020 nienses
349 1952 451 2019 eidem
479 1952 618 2018 Miltiadi
645 1952 813 2037 dederunt,
841 1957 879 2020 ut
905 1953 1041 2038 insulas,
1070 1975 1150 2038 quae
1287 1951 1290 1976 ⁴

189 2039 342 2104 barbaros
370 2037 571 2120 adiuverant,
606 2038 691 2104 bello
721 2041 972 2136 persequeretur.
1024 2059 1087 2122 quo
1116 2039 1151 2104 in
1289 2061 1290 2064 ¹

189 2122 324 2205 imperio
339 2121 507 2205 plerasque
522 2121 563 2186 ad
577 2121 720 2187 officium
735 2121 837 2186 redire
852 2121 967 2207 coegit,
978 2121 1151 2186 nonnullas

159 2207 223 2271 tvi
252 2205 457 2290 expugnavit.
502 2226 540 2269 ex
567 2205 617 2270 his
639 2205 757 2270 Parum
783 2205 921 2272 insulam
949 2206 1063 2290 opibus
1089 2206 1151 2270 ela·

189 2294 256 2356 tam
278 2311 350 2354 oum
374 2289 518 2354 oratione
540 2289 746 2354 reconciliare
767 2311 835 2355 non
856 2292 980 2387 posset,
1004 2291 1112 2372 copias
1134 2311 1151 2355 a

188 2374 325 2440 navibus
340 2373 459 2456 eduxit,
480 2374 592 2439 urbem
608 2375 757 2471 operibus
772 2375 887 2441 elausit
901 2374 1052 2471 omnique
1068 2394 1152 2470 oom-
1289 2393 1290 2430 t

190 2461 296 2524 meatu
324 2457 477 2542 priserit,
510 2457 584 2522 dein
607 2459 709 2523 vmeis
736 2478 774 2523 ao
801 2458 1014 2524 testudmibus
1036 2461 1152 2524 constr·
1289 2473 1290 2520 l

160 2543 269 2608 etutis
290 2543 423 2626 propius
444 2561 552 2607 muros
577 2543 717 2608 accessit.
762 2562 834 2607 oum
855 2542 919 2606 iam
940 2543 976 2606 in
997 2562 1036 2606 eo
1059 2544 1151 2622 esset,
1289 2611 1290 2614 ,

189 2630 226 2692 ut
248 2625 366 2709 oppido
387 2626 559 2710 potiretur,
581 2626 694 2709 prooul
715 2627 750 2690 in
772 2625 951 2690 continenti
967 2624 1072 2707 lucus,
1095 2625 1151 2706 qui

190 2731 229 2775 ex
250 2709 356 2774 insula
377 2709 646 2792 conspiciebatur,
674 2710 782 2774 neseio
809 2729 872 2792 quo
896 2725 970 2772 oasu
991 2711 1151 2772 nocturno

188 2799 332 2876 tempore
348 2793 496 2859 incensus
518 2796 575 2859 est.
617 2794 706 2858 euius
721 2793 849 2856 flamma
870 2794 907 2856 ut
927 2793 967 2857 ab
983 2792 1151 2876 oppidanis

190 2882 223 2942 et
245 2877 521 2974 oppugnatoribus
536 2879 585 2975 est
599 2877 676 2973 uisa,
699 2876 778 2941 utris
802 2896 842 2940 ue
862 2875 950 2940 venit
971 2875 1006 2940 in
1028 2876 1152 2959 opinio-

159 2974 175 3024 4
189 2961 656 3142 {setnirtsleinlldiiiaacilaeiiitildlie
669 2962 911 3142 leleisirereiitil
932 2959 1151 3142 ailldilftiidluelil

189 3134 306 3194 timens
327 3149 369 3193 ne
391 3129 501 3193 elassis
521 3149 608 3210 regna
622 3129 817 3211 advenmet,
838 3147 977 3194 moenera
992 3130 1151 3213 operibus,

190 3233 271 3360 puae
293 3214 456 3296 statuerat,
479 3231 552 3276 eum
566 3212 702 3278 totidem
715 3211 861 3296 navibus,
883 3216 980 3310 atque
998 3216 1066 3278 erat
1080 3233 1152 3295 pro·
1287 3233 1289 3276 t

205 3300 303 3380 ectus,
319 3296 465 3361 Athenas
479 3317 596 3378 magna
609 3318 683 3362 oum
698 3295 874 3362 offensione
889 3297 1007 3362 einum
1022 3317 1152 3361 suorum
1262 3369 1265 3374 ,

160 3381 315 3446 erediret.
366 3384 530 3446 aecusatus
558 3400 631 3463 ergo
655 3383 704 3446 est
723 3381 929 3466 proditionis,
952 3378 1053 3464 quod,
1080 3401 1154 3446 oum

190 3463 308 3530 Parum
337 3485 519 3550 expugnare
541 3467 665 3552 posset,
698 3485 811 3549 arege
837 3466 1005 3550 corruptus
1026 3463 1154 3532 infestis
