2590 3946
212 177 258 245 80
486 189 550 242 vu.
579 187 798 238 sacrarium.
820 185 846 236 s.
869 183 909 234 ro.

213 326 357 394 transiit:
387 345 483 408 quern
509 323 638 407 quidem
665 321 745 388 adeo
767 323 831 386 'sua
858 320 945 404 capit
969 321 1200 405 humanitate,

214 417 252 478 ut
273 431 347 476 enm
368 429 464 474 nemo
494 409 530 472 in
556 406 698 472 amicitia
724 405 933 471 antecederet
983 407 1198 503 namque-ei

215 493 376 580 Grynium
398 492 536 574 dederat,
557 491 594 555 in
614 489 664 555 Ph
703 489 758 576 gis
779 494 927 572 cashum,
949 509 989 553 ex
1009 511 1073 573 quo
1115 512 1197 554 um-

184 589 202 642 4
303 598 366 644 ens
397 575 520 642 talenta
551 511 718 659 vectighlh
749 574 905 657 capiebat
959 594 1023 656 qua
1048 573 1196 638 fortuna

277 685 290 728 r
312 660 400 728 mdes
420 681 489 727 non
504 662 574 725 erat
587 660 758 724 contentus
772 678 877 740 neque
891 656 1038 722 Athenas
1079 657 1195 722 victas

215 744 479 814 lacedaemoniis
508 741 627 809 servire
653 743 781 824 poterat
806 741 884 824 pati.
928 741 1037 824 itaque
1065 741 1108 805 ad
1129 763 1193 824 pa·

186 831 313 897 otriam
346 827 544 894 liberandam
571 825 660 890 omni
686 825 849 890 ferebatur
876 825 1082 910 cogitatione.
1128 826 1192 889 sed

216 914 347 980 videbat
373 910 406 976 id
428 912 497 976 sine
518 927 595 995 rege
615 908 713 974 Perse
733 930 801 973 non
822 915 916 992 pc'sse
937 909 1022 992 fieri,
1044 909 1191 992 ideoque

216 1017 290 1064 cum
318 995 456 1062 amicum
478 994 540 1060 sibi
560 993 710 1077 cupiebat
730 992 862 1078 adiungi
888 1013 994 1076 neque
1014 992 1189 1058 dubitabat

215 1079 311 1146 facile
337 1100 372 1144 se
401 1081 662 1159 consecuturum,
689 1078 717 1141 si
745 1075 841 1141 modo
874 1076 943 1141 eius
964 1075 1187 1142 conveniundi

216 1163 381 1230 habuisset
394 1165 596 1247 potestatem.
632 1181 708 1225 num
729 1160 847 1243 Cyrum
868 1162 1001 1225 fratrem
1015 1161 1046 1224 ei
1059 1159 1186 1225 bellum

216 1247 299 1314 clam
320 1266 433 1344 parare
455 1244 716 1342 Lacedaemoniis
738 1243 965 1342 adiuvantibus
984 1244 1120 1342 sciebat:
1148 1245 1186 1308 id

168 1353 245 1484 10⁸¹
265 1333 468 1480 effi
482 1427 535 1479 a>
551 1412 558 1427 ·
577 1327 1184 1510 attttttffistt’t

216 1499 257 1565 ed
278 1519 387 1584 regem
408 1499 604 1581 mitteretur,
633 1496 744 1562 eodem
765 1500 831 1561 tem
854 1515 909 1560 cre
931 1495 1048 1561 Onhas
1069 1499 1182 1561 ceten-
1213 1577 1216 1584 Ι

238 1605 279 1649 ue
299 1583 430 1667 tyranni
451 1581 700 1648 Atheniensium
722 1517 986 1645 certoshomines
1005 1580 1045 1644 ad
1059 1579 1183 1664 Lysan-

323 1668 358 1730 in
373 1666 485 1732 Asiam
499 1666 662 1747 miserant
686 1664 741 1747 qui
756 1684 829 1728 eum
843 1664 1012 1730 certiorem
1026 1663 1180 1747 iacerent,

167 1821 171 1828 ,
216 1750 279 1814 nisi
301 1747 501 1814 Alcibiadem
523 1747 717 1830 sustulisset,
746 1747 830 1812 nihil
851 1768 960 1813 earum
981 1769 1087 1812 rerum
1108 1748 1180 1812 fore

216 1836 337 1915 ratum,
369 1853 448 1916 quas
470 1832 544 1916 ,ipse
571 1832 709 1898 Athenis
737 1832 970 1898 constituisset:
1005 1853 1117 1917 quare,
1152 1833 1179 1897 si

187 1915 1177 2066 ‚tettstttmtitt&stertunt

217 2084 377 2169 agendum
391 2104 464 2148 cum
478 2082 698 2148 Pharnabazo.
735 2084 811 2150 huic
826 2105 902 2169 ergo
918 2084 1081 2150 renuntiat
1095 2105 1178 2168 quae

216 2167 285 2252 regi
300 2187 372 2231 cum
383 2166 643 2232 Lacedaemoniis
659 2172 774 2251 essent,
785 2169 849 2234 nisi
858 2168 1058 2233 Alcibiadem
1068 2169 1177 2234 vivum

187 2254 274 2315 aaut
293 2253 457 2316 mortuum
478 2249 540 2316 sibi
561 2250 752 2318 tradidisset
788 2273 855 2316 non
876 2253 952 2317 tulit
970 2253 1057 2318 hunc
1080 2256 1177 2317 satra·

215 2356 273 2420 pes
305 2338 338 2400 et
364 2334 485 2400 violare
516 2333 718 2401 elementiam
747 2357 843 2432 quam
863 2337 949 2421 regis
976 2357 1054 2420 opes
1074 2337 1176 2401 minui

215 2420 339 2485 maluit.
382 2420 492 2517 itaque
519 2419 609 2484 misit
635 2419 858 2486 Susamithren
887 2424 919 2484 et
945 2419 1110 2506 Bagaeum
1136 2421 1177 2484 ad

216 2503 417 2569 Alcibiadem
431 2503 697 2588 interficiendum,
719 2525 792 2570 cum
814 2503 868 2568 ille
883 2507 966 2568 esset
986 2505 1022 2568 in
1034 2503 1176 2590 Phrygia

186 2589 341 2671 nitarque
363 2587 403 2651 ad
424 2607 532 2671 regem
554 2591 762 2671 compararet.
806 2587 895 2654 missi
912 2588 994 2652 clam
1008 2588 1174 2672 vicinitati,

217 2669 252 2734 in
274 2692 338 2753 qua
358 2675 428 2736 tum
449 2669 631 2736 Alcibiades
653 2675 737 2754 erat,
760 2670 838 2735 daut
857 2673 1024 2756 negotium
1046 2676 1083 2737 ut
1103 2693 1174 2738 eum

216 2753 419 2818 interficiant.
463 2754 511 2818 illi
543 2773 616 2819 cum
647 2754 734 2820 ferro
762 2755 893 2839 aggredi
919 2777 987 2821 non
1014 2756 1173 2840 auderent,

217 2841 316 2902 noctu
338 2837 428 2920 ligna
443 2837 649 2902 contulerunt
669 2838 753 2904 eirca
768 2859 883 2922 emam,
904 2839 941 2904 in
960 2861 1024 2924 qua
1038 2839 1172 2924 quiesce-

217 2922 288 3002 bat,
310 2941 444 3004 eamque
466 2919 712 3005 succenderunt,
741 2925 778 2986 ut
803 2923 951 2988 incendio
973 2925 1171 3008 conficerent,

187 3013 314 3086 cquem
335 3026 434 3071 manu
461 3005 605 3088 superari
631 3025 725 3088 posse
754 3005 951 3073 diffidebant.
993 3007 1048 3072 ille
1070 3012 1171 3074 autem

217 3093 254 3152 ut
274 3088 383 3152 sonitu
404 3089 550 3153 flammae
572 3091 622 3154 est
636 3089 806 3171 excitatus,
829 3091 888 3155 etsi
911 3091 1036 3178 gladius
1058 3093 1087 3157 ei
1109 3096 1170 3158 erat

216 3171 400 3254 subductus,
411 3171 579 3237 familiaris
591 3173 641 3237 sui
652 3171 799 3238 subalare
813 3173 914 3239 tolum
929 3175 1055 3260 eripuit.
1088 3197 1169 3242 nam·

88 3333 92 3342 ⁸
211 3277 279 3340 que
295 3260 364 3323 erat
377 3276 451 3320 cum
465 3255 646 3348 ecquidem
660 3279 699 3322 ex
713 3257 851 3324 Arcadia
866 3259 993 3357 hospes,
1015 3261 1072 3344 qui
1085 3283 1168 3326 num-

217 3361 313 3423 quam
335 3340 494 3407 discedere
509 3340 663 3407 voluerat.
706 3341 793 3408 huno
815 3344 904 3428 sequi
926 3365 959 3410 se
979 3345 1070 3410 1ubet
1091 3348 1121 3410 et
1139 3345 1168 3409 id

218 3424 303 3507 quod
323 3427 360 3491 in
380 3425 561 3510 praesentia
582 3426 845 3494 vestimentorum
871 3427 935 3494 fuit
955 3429 1077 3513 arripit
1123 3429 1167 3494 hir
