2606 3940
238 210 299 273 11‘2
511 223 594 272 xxv.
635 222 790 272 armeus.
816 219 857 270 ro.
879 219 921 270 ar.

185 361 303 426 20tenr
328 358 467 424 reddidit
494 357 544 423 fre
567 358 755 424 uentiorem
805 379 997 442 quamquam
1019 362 1094 424 ante
1119 359 1189 426 baec

238 444 401 530 sponsalia
427 463 494 509 non
520 379 640 526 stilum,
668 463 741 508 cum
768 443 809 508 ab
836 443 914 507 urbe
942 444 1080 528 abesset,
1108 463 1191 510 nun-

259 551 334 595 uam
367 526 408 592 ad
440 548 570 593 suorum
624 547 795 611 nemquam
827 527 950 592 litteras
981 527 1083 612 misit,
1120 529 1191 612 quin

236 552 346 678 attico
368 612 524 696 mitteret,
546 548 755 708 affingeret
769 695 775 708 .
790 610 825 674 in
846 610 958 694 primis
980 611 1057 694 quid
1078 611 1192 698 legeret

207 695 628 846 seruasse
643 661 1193 862 aristenetus

239 830 465 947 occupietiones
479 864 586 928 minus
601 883 705 946 saepe,
720 880 816 944 quam
831 863 938 946 vellet,
955 863 1064 928 Attico
1079 864 1194 930 fruere·

236 954 300 1045 tur,
321 947 430 1011 nullus
452 947 518 1010 dies
539 949 658 1010 temere
678 946 867 1030 intercessit,
890 966 953 1030 quo
976 968 1043 1012 non
1064 946 1105 1013 ad
1126 969 1195 1014 eum

238 1032 405 1114 sonberet,
437 1049 510 1116 cum
537 1028 633 1095 modo
660 1028 782 1114 aliquid
808 1028 847 1095 de
874 1031 1066 1115 antiquitate
1093 1032 1135 1097 ab
1159 1054 1195 1097 so

237 1115 430 1199 requireret,
456 1114 553 1180 modo
581 1115 723 1198 aliquam
744 1114 964 1197 quaestionem
990 1116 1148 1198 poetieam
1168 1118 1197 1180 ei

238 1203 443 1285 proponeret,
464 1198 624 1265 interdum
639 1199 748 1264 iocans
768 1199 836 1264 eius
850 1199 1050 1266 verbosiores
1072 1200 1199 1265 eliceret
1264 1219 1265 1243 ¹

209 1284 400 1368 espistolae.
444 1304 483 1348 ox
526 1303 568 1347 uo
591 1281 720 1367 accidit,
748 1301 822 1348 cum
848 1282 935 1348 aedis
956 1281 1043 1348 Iovis
1064 1282 1199 1349 Feretrii
1265 1311 1266 1336 κ

239 1371 274 1432 in
296 1367 513 1450 Capitolio,a
555 1364 695 1432 Romulo
716 1367 901 1465 constituta,
923 1369 1124 1434 vetustates
1160 1390 1200 1433 ue
1266 1400 1267 1430 l

238 1451 363 1516 incuria
385 1449 509 1516 detecta
522 1450 753 1536 prolaberetur,
774 1455 812 1517 ut
825 1450 926 1516 Attrci
943 1449 1108 1517 admonitu
1172 1473 1201 1516 e·
1267 1491 1268 1520 r

209 1549 293 1602 esar
314 1538 384 1602 eam
405 1535 609 1602 reficiendam
630 1539 764 1601 curaret.
807 1556 912 1619 neque
928 1556 1005 1601 vero
1027 1557 1047 1601 a
1067 1534 1112 1602 M.
1135 1539 1203 1600 An-
1268 1582 1269 1590 ,

239 1621 330 1686 tonio
352 1621 459 1686 minus
480 1620 594 1686 absens
616 1619 732 1685 litteris
753 1619 931 1703 colebatur,
952 1619 1032 1687 adeo
1054 1625 1092 1686 ut
1112 1641 1204 1686 accu—
1269 1672 1270 1678 κ

241 1709 309 1769 rate
334 1704 389 1769 ille
417 1726 456 1769 er
483 1705 604 1768 ultimis
625 1704 734 1785 terris,
763 1703 840 1786 quid
867 1708 990 1787 ageret,
1017 1725 1112 1770 curae
1139 1705 1205 1769 sibi

210 1788 374 1852 shaberet
404 1787 571 1851 certiorem
603 1785 709 1851 facere
736 1787 890 1851 Atticum.
934 1787 996 1852 hoc
1028 1788 1123 1871 quale
1150 1789 1205 1871 sit,

239 1870 366 1936 facilius
388 1869 645 1954 existimabitis,
668 1870 725 1954 qui
745 1869 885 1936 iudicare
905 1871 1040 1955 poterit,
1062 1875 1206 1956 quantae

242 1955 286 2020 sit
306 1955 483 2053 sapientiae
509 1976 619 2020 eorum
647 1955 785 2020 retinere
811 1975 905 2020 usum
931 1955 1206 2021 benevolentiam·
1272 1943 1273 1978 ³

239 2042 419 2205 tutti
440 2039 1207 2217 {returne‘utassaiarar

240 2206 304 2270 fuit
328 2203 550 2286 [intercedere]
573 2223 702 2268 necesse
723 2205 808 2266 mter
827 2201 996 2267 Gaesarem
1017 2206 1113 2286 atque
1134 2206 1206 2268 An·

240 2287 376 2372 tunium,
398 2308 471 2352 cum
493 2308 527 2352 se
548 2291 683 2371 uterque
698 2285 875 2371 principem
897 2307 965 2353 non
986 2287 1091 2354 solum
1111 2289 1205 2354 urbis

241 2371 372 2458 Romae,
395 2372 450 2438 sed
472 2371 558 2438 orbis
578 2375 736 2438 terrarum
757 2392 825 2438 esse
846 2376 985 2457 cuperet.

190 2458 229 2522 21
326 2456 399 2521 Tali
428 2457 525 2522 modo
557 2477 630 2522 oum
656 2460 777 2540 septem
809 2459 842 2524 et
868 2458 1073 2544 septuaginta
1098 2476 1206 2554 annos

241 2540 1207 2722 rapluteussestertiarius:

241 2715 291 2774 tes
321 2730 407 2774 enlm
434 2708 627 2774 hereditates
654 2709 746 2774 nulla
773 2709 837 2774 alia
864 2731 899 2774 re
927 2729 1023 2792 quam
1056 2709 1207 2773 bonitate

243 2796 432 2858 consecutus
447 2794 508 2877 est)
529 2795 683 2877 tantaque
697 2793 908 2877 prosperitate
923 2813 999 2858 usus
1021 2796 1104 2858 esset
1117 2792 1208 2858 vale-

213 2876 379 2961 atudinis,
409 2879 447 2942 ut
467 2877 560 2942 annis
580 2877 716 2963 triginta
736 2877 893 2942 medicina
913 2895 982 2942 non
1002 2876 1208 2964 indiguisset,

242 2964 354 3026 neotus
376 2964 425 3026 est
444 2962 607 3046 morbum,
635 2982 729 3046 quem
756 2960 849 3026 initio
880 2964 912 3026 et
939 2961 1008 3044 ipse
1035 2965 1068 3028 et
1087 2961 1208 3028 medici

244 3049 519 3129 contempserunt:
551 3067 627 3110 nam
658 3049 814 3130 putarunt
840 3065 909 3112 esse
934 3049 1117 3130 tenesmon,
1152 3048 1208 3112 oui

214 3129 384 3205 aremedia
409 3129 525 3195 celeria
556 3129 727 3214 faciliaque
758 3150 817 3213 pro
842 3130 1032 3198 onebantur.
1079 3132 1115 3197 in
1141 3131 1209 3196 hoc

243 3236 316 3294 oum
337 3217 402 3280 tres
428 3234 553 3280 menses
581 3214 650 3279 sine
676 3213 751 3279 ullis
773 3151 952 3299 doloribus,
979 3220 1208 3314 praeterquam

243 3319 324 3382 quos
356 3320 395 3365 ex
424 3299 589 3363 curatione
619 3298 779 3383 capiebat,
807 3304 1069 3384 consumpsisset,
1097 3299 1208 3364 subito

242 3385 333 3448 tanta
354 3384 403 3448 vis
424 3383 529 3448 morbi
550 3383 585 3447 in
599 3382 700 3447 imum
714 3383 902 3450 intestinum
915 3385 1072 3469 prorupit,
1094 3386 1132 3447 ut
1152 3403 1209 3447 ex-

244 3471 347 3530 tremo
369 3469 514 3552 tempore
535 3488 593 3553 per
614 3467 741 3534 lumbos
767 3469 893 3536 fistulae
919 3467 1008 3552 puris
1030 3466 1208 3550 eruperint.
