2606 3940
612 965 672 1035 EX
694 965 825 1034 LIBRO

407 1087 714 1240 conanum
751 1154 1025 1240 unucuie

498 1337 544 1392 DE
562 1336 706 1392 LATINIS
724 1337 938 1394 HISTORIGIS.

558 1576 687 1651 xxiv,
740 1575 870 1651 caue.
1278 1541 1280 1612 ⁴

203 1727 217 1788 1
319 1725 362 1790 id.
387 1725 476 1810 Cato,
499 1729 588 1792 ortus
610 1725 785 1809 municipio
807 1725 957 1809 diuscule,
980 1723 1201 1792 adulescentu-

234 1808 293 1893 lus,
315 1810 502 1894 priusquam
516 1809 693 1874 honoribus
716 1829 846 1892 operam
864 1809 962 1894 daret,
985 1812 1128 1875 versatus
1150 1815 1201 1876 est

233 1894 270 1958 in
291 1892 418 1959 Sabinis
480 1893 545 1958 uod
565 1893 612 1958 ibi
633 1892 798 1958 heredium
820 1897 951 1977 epatre
973 1893 1121 1959 salictum
1143 1894 1200 1958 ha-

234 1978 340 2044 bebat.
376 1943 449 2042 inde
495 1980 601 2043 ortatu
616 1977 652 2044 L.
668 1976 791 2043 Valerii
812 1975 928 2061 Flacci,
974 1999 1047 2042 uem
1068 1978 1104 2042 in
1125 1999 1200 2044 ccu-

234 2062 339 2128 sulatu
362 2083 557 2146 censumque
579 2060 694 2125 habuit
714 2061 794 2126 colle
819 2082 880 2146 am,
902 2065 941 2127 ut
997 2062 1199 2144 .Psrpeuna
1278 2063 1279 2070 ’

234 2145 396 2210 censorius
418 2166 548 2210 narrare
570 2145 684 2210 solitus
707 2148 769 2228 est,
843 2167 928 2210 mam
950 2145 1142 2231 demigravit
1163 2147 1199 2210 in

204 2230 371 2312 afcrcque
393 2249 461 2293 esse
482 2227 598 2312 coepit
634 2228 773 2311 primum
788 2230 830 2292 sti
854 2228 982 2294 endium
1004 2229 1121 2295 meruit
1143 2251 1199 2295 au·
1277 2241 1278 2258 ¹

234 2333 351 2378 norum
371 2311 479 2377 decem
505 2315 699 2396 septemque.
737 2310 773 2388 Q.
789 2251 890 2379 adio
904 2313 949 2378 M.
966 2313 1100 2380 Claudio
1122 2335 1199 2379 ccu-

234 2397 356 2462 eulibus
377 2397 527 2462 tuibuuus
547 2395 686 2461 militum
707 2395 743 2462 in
765 2395 875 2462 Sicilia
888 2397 960 2463 fuit.
996 2398 1071 2463 inde
1093 2401 1130 2464 ut
1150 2419 1198 2462 re-

235 2480 303 2565 diit,
326 2484 428 2548 eastra
449 2483 575 2546 secutus
598 2483 646 2544 est
662 2478 696 2546 Ο.
711 2479 836 2546 Claudii
850 2479 1001 2565 Neronis,
1023 2504 1057 2546 m
1123 2481 1199 2566 ique
1276 2555 1277 2566 ἢ

235 2585 333 2649 opera
359 2565 427 2664 eius
455 2565 636 2630 existimata
662 2567 712 2630 est
742 2566 777 2629 in
826 2565 926 2662 roelic
959 2565 1044 2662 apud
1058 2501 1199 2650 Ἕω,

204 2648 1005 2830 ³tttfflttdidttttdatttuffl
1025 2653 1199 2829 diffidi

233 2815 468 2881 necemltudine
483 2817 579 2882 vixit:
601 2836 741 2900 namque
763 2816 803 2880 ab
826 2835 900 2898 cop
960 2817 1033 2878 etua
1049 2815 1200 2882 dissensit

204 2899 310 2965 evita.
354 2898 465 2964 aedilis
492 2899 579 2985 plebi
601 2900 704 2964 iactus
727 2902 775 2963 est
796 2919 868 2964 cum
892 2896 926 2964 Ο.
975 2898 1069 2965 elvic.
1109 2921 1199 2984 prac-

233 2987 286 3048 ter
306 2983 506 3066 provinciam
528 2983 669 3048 obtinuit
688 2981 878 3065 Sardiniam,
902 3001 940 3046 ex
963 3003 1026 3066 qua
1069 2989 1200 3050 caestor

233 3067 398 3150 superiore
423 3070 567 3151 tempore
595 3088 634 3132 ex
660 3066 772 3131 Africa
804 3065 960 3131 decedens
990 3065 1026 3143 Q.
1084 3068 1198 3133 unium

234 3154 362 3235 poetam
396 3149 582 3234 deduxerat,
618 3150 703 3233 quod
734 3170 802 3215 ncn
829 3151 966 3216 minoris
995 3152 1200 3218 aestimamus
1274 3209 1275 3212 ,

235 3254 331 3319 quam
359 3234 535 3318 quemlibet
563 3233 795 3318 amplissimum
822 3233 1061 3301 Sardiniensem
1088 3236 1200 3302 trium-

198 3318 530 3501 2Phuzcmulamm
552 3403 653 3503 gessit
673 3425 747 3503 cum
761 3403 798 3470 L.
814 3403 944 3503 Valerio
966 3402 1090 3488 Flacco,
1112 3409 1203 3470 sorte

194 3545 197 3550 .
235 3503 434 3564 prcvmcuam
455 3491 568 3554 nactus
596 3488 786 3574 Hispaniam
817 3489 1011 3573 citeriorem,
1038 3507 1139 3570 exque
1163 3509 1200 3553 ea
