2606 3940
200 217 243 283 58
456 230 514 280 xv.
551 227 813 280 arumnensis.
834 226 905 278 aa

201 367 286 434 nihil
300 368 428 452 praeter
441 365 578 453 gloriam
593 367 721 452 ceperit.
758 366 933 432 amicorum
945 365 981 431 in
995 386 1028 431 re
1043 321 1164 433 tuendo

202 451 307 517 caruit
334 451 555 533 facultatibus,
582 451 644 516 fide
666 451 707 517 ad
732 451 812 517 alios
834 450 1047 517 sublevandos
1068 472 1164 536 saepe

201 536 247 601 sic
268 557 344 600 usus
366 539 428 621 est,
450 539 487 601 ut
507 533 641 600 iudicari
662 535 764 619 possit
778 535 887 602 omnia
908 535 938 600 ei
959 556 1032 601 cum
1053 536 1165 600 amicis

171 619 302 684 ciuisse
323 618 514 686 communia.
557 641 633 685 narn
654 641 727 685 cum
741 624 798 686 aut
817 619 934 686 civium
954 640 1085 685 suorum
1107 621 1165 685 ali·
1291 619 1292 628 ’

201 704 273 789 quis
288 706 328 769 ab
343 704 489 770 hostibus
505 707 587 770 esset
600 708 721 789 captus,
744 707 801 770 aut
814 704 906 790 virgo
923 703 1017 770 amici
1032 704 1164 789 nubilis,

202 808 284 872 quae
297 791 429 873 propter
445 791 666 872 paupertatem
688 788 838 856 collocari
859 808 926 854 non
947 791 1064 873 posset,
1086 788 1166 854 ami·

202 893 313 937 corum
335 871 505 936 consilium
526 872 665 938 habebat
679 875 721 956 et,
743 875 899 957 quantum
914 874 1049 957 quisque
1064 872 1164 957 daret,

170 969 265 1040 spro
292 955 499 1021 facultatibus
520 956 707 1040 imperabat.
761 977 894 1040 eamque
916 977 1073 1022 summam
1090 979 1165 1022 cum

202 1039 393 1122 confecerat,
414 1039 601 1188 priusffiuam
615 1041 773 1124 acciperet
785 1041 965 1124 pecuniam,
987 1040 1166 1107 adducebat

201 1144 290 1206 eum,
313 1123 369 1207 qui
391 1144 506 1207 quaere
529 1127 577 1208 at,
600 1124 641 1190 ad
662 1145 730 1209 eos,
753 1125 809 1209 qui
830 1125 1048 1209 conferebant,
1071 1125 1165 1209 eique

201 1210 239 1272 ut
264 1207 327 1289 ipsi
353 1211 575 1292 numerarent,
593 1207 756 1298 iaciebat,
783 1211 829 1278 ut¹
847 1209 916 1292 ille,
945 1209 986 1274 ad
1008 1229 1103 1293 quem
1126 1230 1165 1275 ea

166 1311 252 1440 ιΥΘΕ
273 1291 933 1442 Piddibiieiids{ididaiittui
948 1293 1164 1444 titia

202 1458 374 1542 Cyzicena:
397 1479 536 1543 namque
564 1460 592 1524 is
612 1463 729 1546 rogatu
755 1461 942 1526 Artaxerxis
972 1463 1058 1547 regis
1078 1461 1164 1546 Epa-

201 1542 388 1608 minondam
415 1543 552 1628 pecunia
581 1565 706 1608 carrum
730 1544 847 1611 endum
875 1551 1065 1629 susceperat.
1110 1547 1164 1611 hic

201 1648 233 1692 m
301 1647 320 1692 o
343 1647 415 1693 cum
430 1627 570 1711 pondere
593 1629 662 1692 auri
677 1566 802 1694 Tdebas
823 1631 913 1696 venit
935 1634 968 1694 et
983 1627 1164 1714 Micythum

201 1711 264 1776 adu
278 1711 476 1776 escentulum
505 1712 646 1795 quinque
676 1712 804 1778 talentis
834 1713 876 1778 ad
903 1735 993 1778 suam
1013 1714 1164 1799 perduxit

200 1794 410 1878 voluntatem,
433 1815 528 1878 quem
549 1799 619 1859 tum
635 1795 875 1880 Epaminondas
897 1797 1071 1882 plurimum
1093 1799 1164 1864 dili·

200 1878 305 1963 gebat.
348 1877 509 1962 Micythus
530 1878 788 1963 Epaminondam
809 1882 960 1948 convenit
982 1885 1162 1949 etecusam

55 1981 59 1991 ·
171 1951 602 2029 radientus'Diomedontis
624 1965 772 2034 ostendit
816 1969 850 2030 at
870 1966 926 2030 ille
947 1965 1163 2033 Diomedonte

200 2067 307 2112 coram
330 2046 436 2111 ‘nihil’
451 2047 486 2111 in
509 2047 559 2111 uit
573 2047 666 2131 ‘opus
686 2049 824 2132 pecunia
851 2053 911 2115 est:
946 2071 1022 2115 nam
1054 2052 1081 2116 si
1106 2073 1163 2117 rex

201 2152 240 2196 ea
266 2130 351 2214 vult,
384 2151 466 2214 quae
545 2131 654 2196 ebanis
681 2137 758 2197 sunt
786 2133 893 2218 utilia,
924 2135 1024 2219 gratis
1057 2136 1162 2201 iacere
1291 2175 1292 2203 ι

200 2234 272 2280 sum
293 2216 438 2298 paratus,
466 2214 516 2279 sin
544 2217 650 2279 autem
678 2218 853 2302 contraria,
880 2236 947 2282 non
971 2219 1071 2284 habet
1091 2222 1163 2292 auri
1291 2247 1292 2288 ι

192 2300 296 2394 atque
318 2297 444 2383 argenti
465 2297 552 2363 satis.
588 2319 726 2383 namque
748 2301 834 2365 orbis
856 2304 1014 2368 terrarum
1034 2304 1162 2371 divitias
1291 2359 1292 2364 1

170 2393 344 2466 caocrpere
365 2381 441 2448 nolo
454 2402 540 2531 &ne
562 2383 684 2466 patriae
699 2385 839 2451 caritate.
876 2390 912 2449 tu
935 2387 1021 2471 quod
1041 2409 1092 2453 me
1113 2390 1162 2454 in-

200 2466 366 2553 cognitum
398 2468 454 2530 ten
521 2466 528 2480 '
556 2467 667 2551 tuique
694 2468 831 2533 similem
863 2469 1065 2555 existimasti,
1094 2493 1163 2539 non

199 2551 299 2616 miror
312 2550 435 2634 tibique
453 2551 601 2635 ignorem
624 2551 680 2616 sed
695 2553 844 2638 egredere
858 2573 1003 2640 propere,
1025 2577 1067 2621 ne
1081 2557 1162 2623 alios
1291 2553 1292 2556 ’

199 2654 399 2719 corrumpas,
426 2654 499 2699 oum
519 2655 570 2698 me
597 2655 665 2701 non
685 2639 838 2720 potueris.
877 2641 909 2702 at
929 2641 980 2722 tu,
1009 2638 1162 2726 Micythe,

200 2722 368 2802 argentum
395 2718 470 2804 huic
496 2717 607 2817 redde,
635 2723 720 2838 aut„
732 2721 795 2786 nisi
821 2719 855 2785 id
880 2721 1050 2820 confestim
1072 2725 1163 2810 facis,

170 2806 337 2972 ⁴redg'arteet,
346 2801 756 2986 diflidddioftddrgrlddrsadddue,
768 2807 855 2973 {didi
869 2805 1164 2976 altdlriildlrerffiiccddlelt

172 2995 173 3000 ¹
199 2970 320 3055 efferre,
332 2969 429 3036 ‘istud
443 2969 588 3069 pardem}
598 2975 706 3055 mqurt
716 2971 853 3071 ‘inciam
868 2996 972 3059 neque
981 2979 1044 3075 ‘tua
1057 2997 1162 3063 causa,

199 3053 1062 3210 nitesceret'tttffldttnttt
1078 3061 1165 3212 tt

169 3159 276 3321 spere
297 3160 498 3321 noluissend’·
536 3245 556 3288 a
576 3160 640 3307 guo
662 3245 735 3290 cum
756 3163 944 3324 §admisset
967 3250 1031 3312 quo
1053 3249 1088 3295 sc
1110 3231 1164 3296 de·

198 3305 407 3456 ddmudeduedi
434 3309 467 3372 at
488 3306 711 3457 rllctdthcnas
732 3309 872 3396 dixisset,
888 3313 1089 3460 praesidium
1111 3314 1164 3415 de·

235 3440 379 3542 cam
422 3411 897 3544 tti⁰tt12a¹¹⁹q¹tss⁰¹⁰¹
940 3401 1016 3546 ’Ὗ
1038 3398 1163 3548 pra,

199 3492 233 3536 se
385 3525 395 3562 ,
485 3497 521 3543 ιιι
680 3500 717 3546 m
786 3500 858 3546 rem
880 3501 972 3547 escen
994 3501 1076 3568 ere,
1103 3505 1165 3568 per
