2590 3946
389 239 428 288 11.
457 237 734 290 rusursrocaus.
756 235 833 288 aa
1069 226 1092 289 9

133 377 243 438 cerent
255 373 294 438 de
308 373 404 439 rebus
416 374 491 439 suis.
523 372 774 440 deliberantibus
787 373 906 458 Pythia
919 377 1093 458 respondit,

133 461 170 522 ut
183 457 351 524 moenibus
365 457 482 556 ligneis
504 479 537 522 se
552 457 725 524 munirent.
768 458 803 522 id
823 478 1012 542 responsum
1026 481 1091 543 quo
1106 473 1121 522 7

113 541 253 614 ,valeret
280 561 353 606 eum
386 541 588 626 intellegeret
618 563 729 625 nemo,
762 541 991 608 Themistocles
1023 563 1093 628 per·

132 625 233 690 suasit
246 625 417 690 consilium
431 645 498 690 esse
512 625 684 709 Apollinis,
706 629 743 691 ut
763 627 798 690 in
812 647 910 691 naves
924 648 958 692 se
972 647 1093 710 suaque

132 708 332 774 conferrent:
374 727 447 773 curn
484 710 570 774 enim
609 731 628 775 a
662 710 721 775 deo
760 710 934 795 significari
966 732 1093 776 murum

131 793 285 880 ligneum.
321 792 379 856 tali
400 793 534 858 consilio
549 793 685 878 probato
707 791 830 858 addunt
850 795 891 858 ad
912 795 1124 878 superioress

132 876 268 942 totidem
298 895 395 941 naves
417 877 563 942 triremes
586 897 706 961 suaque
728 879 852 962 omnia,
875 899 956 962 quae
971 880 1093 945 moveri

131 962 299 1044 poterant,
320 961 437 1043 partim
453 959 631 1046 Salamina,
658 961 776 1046 partim
797 961 961 1027 Troezena
982 961 1094 1046 depor-

132 1047 219 1108 tant:
246 1062 351 1109 arcem
377 1045 595 1110 sacerdotibus
620 1045 792 1142 paucisque
813 1046 987 1112 maioribus
1014 1051 1093 1112 natu

132 1127 179 1276 ile}
194 1143 284 1275 sacrq
302 1129 503 1212 procuranda
524 1129 670 1213 tradunt,
691 1130 850 1213 requuum
872 1129 1025 1213 oppidum
1045 1152 1094 1197 re·

202 1231 293 1276 uun.

180 1232 321 1360 qHuius
342 1295 512 1362 eonsilium
526 1298 688 1381 plerisque
708 1298 890 1363 civitatibus
906 1297 1092 1382 displicebat
1109 1300 1131 1365 3

132 1383 166 1445 et
192 1379 228 1443 in
251 1382 338 1444 terra
365 1381 508 1446 dimicari
539 1381 642 1466 magis
690 1381 823 1446 lacebat.
870 1382 979 1466 itaque
1005 1383 1095 1447 missi

133 1465 209 1528 sunt
230 1462 343 1527 delecti
371 1481 443 1532 cum
470 1462 628 1546 Leonida,
684 1465 982 1530 acedaemoniorum
1008 1486 1094 1551 rege,

133 1547 190 1630 qui
220 1545 452 1631 Thermopylas
490 1549 684 1631 occuparent
718 1548 910 1632 longiusque
942 1549 1095 1614 barbaros

133 1629 286 1715 progredi
307 1650 376 1695 non
388 1633 585 1716 paterentur.
624 1631 648 1696 ii
670 1631 736 1695 vim
756 1631 899 1696 bostium
912 1652 981 1698 non
1002 1635 1095 1698 susti·

132 1717 273 1780 nuerunt
286 1733 402 1863 ,eoque
427 1715 500 1814 loco
528 1733 639 1781 ornnes
665 1715 866 1813 interierunt.
899 1720 952 1814 'at
983 1716 1125 1782 classina

133 1801 875 1979 {tatarffibrtbtbuttrt
886 1801 1095 1982 bibiti

133 1968 220 2064 mter
230 1964 397 2064 Euboeam
411 1967 693 2066 continentemque
707 1969 911 2064 terrameum
926 1967 1095 2034 elasnarns

132 2049 1126 2234 titrttttntttttrtttttttcitit,

134 2216 360 2302 discesserant,
381 2222 491 2284 tamen
513 2218 625 2284 eodem
644 2218 717 2283 loco
742 2238 810 2283 non
831 2222 908 2285 eunt
934 2240 1004 2284 ausi
1030 2242 1095 2285 ms·

133 2318 224 2384 nere,
253 2300 340 2385 quod
361 2305 430 2367 erat
450 2302 643 2387 periculum,
668 2321 725 2384 ne,
747 2302 774 2366 si
795 2321 870 2386 pars
890 2302 1022 2368 narium
1042 2303 1095 2368 ad·

134 2385 349 2450 romariorum
363 2383 529 2450 Euboeam
550 2388 739 2470 superasset,
761 2385 894 2469 ancipiti
914 2407 1095 2482 premeren-

134 2472 188 2532 tur
208 2467 361 2552 periculo.
398 2489 462 2552 quo
484 2469 668 2534 factumest
687 2473 726 2534 ut
745 2470 786 2533 ab
801 2469 974 2533 Artemmo
996 2471 1125 2535 disce-c

135 2551 246 2616 derant
273 2555 307 2618 et
328 2551 535 2616 exadversum
555 2551 701 2616 Athenae
729 2551 814 2634 apud
835 2549 996 2618 Salamine
1017 2553 1095 2619 clas·

134 2654 202 2700 sem
224 2657 312 2702 suam
336 2636 576 2702 constituerent.

218 2721 264 2785 At
284 2717 405 2786 Xerxes
419 2718 558 2784 'l'bermo
581 2718 643 2803 plis
665 2719 855 2804 expugnatis
876 2721 1023 2802 protinus
1044 2724 1132 2787 aad

134 2803 230 2868 cessit
243 2807 315 2870 estu
329 2804 425 2888 idque
438 2803 537 2868 nullis
569 2802 792 2869 claudentibus
805 2803 983 2869 interiectis
993 2825 1095 2870 sacer·

135 2886 264 2967 dotibus
305 2907 387 2971 quos
412 2887 448 2952 in
475 2907 547 2955 arce
574 2886 756 2970 invenerat,
786 2886 934 2953 incendio
967 2888 1093 2953 delevit.

135 2970 226 3035 cuiue
251 2936 381 3036 damma
408 2971 570 3057 perterriti
599 2971 752 3037 classiarii
779 2991 852 3037 eum
875 2991 1005 3036 manere
1026 2986 1126 3038 none

135 3054 290 3119 auderent
305 3058 338 3119 et
351 3055 482 3138 plurimi
499 3055 714 3139 hortarentur,
734 3057 771 3119 ut
783 3054 895 3121 domos
910 3075 983 3120 suas
997 3055 1095 3120 diece-

136 3139 249 3204 derent
279 3139 510 3225 moenibusque
541 3161 575 3205 se
608 3138 830 3224 defenderent,
864 3138 1095 3205 Themistocles

133 3243 219 3288 unus
245 3221 365 3287 restitit
391 3227 424 3288 st
449 3223 617 3289 uniuersos
642 3243 736 3308 pares
763 3243 831 3288 esse
857 3241 952 3307 posse
979 3224 1095 3302 aiebat,

135 3307 295 3391 dispersos
315 3307 493 3371 testabatur
512 3306 681 3391 perituros,
702 3307 798 3390 idque
819 3305 1004 3391 Eurybiadi,
1025 3307 1096 3453 reqi

134 3389 471 3473 Lacedaemoniom
487 3391 627 3473 quitum
641 3413 783 3457 summae
797 3391 924 3474 imperii
938 3409 1070 3474 praeera
1084 3436 1094 3470 ,

135 3475 206 3541 iore
227 3473 417 3542 affirmabat
453 3493 549 3559 quem
570 3495 642 3540 cum
664 3476 770 3542 minus
792 3495 888 3559 quam
909 3472 1008 3539 vellet
1028 3485 1125 3539 moa
