2606 3940
94 199 98 206 ’
194 217 255 283 106
468 231 551 278 xxv.
594 185 876 278 murenarum.

192 358 323 432 tulerat
338 365 443 451 (tanta
463 365 600 430 varietas
629 365 669 429 iis
685 333 887 448 temporibus
911 360 974 427 fnit
994 359 1156 442 fortunae,

192 455 232 517 ut
251 449 347 516 modo
368 450 414 534 hi,
435 448 531 515 modo
553 449 602 512 illi
623 449 659 513 in
680 468 805 514 summo
827 448 933 512 essent
954 449 1011 510 aut
1024 445 1155 530 fastigio
1289 453 1290 492 1

194 537 251 600 aut
271 533 438 618 periculo),
460 533 662 616 habebatque
683 552 791 598 secum
806 529 843 607 Q.
860 530 1000 595 Gellium
1020 528 1156 612 (lanum,
1289 557 1290 610 j

164 619 361 703 sasqualem
374 617 635 701 simillimumque
657 616 716 682 sui.
752 616 814 682 hoc
836 634 964 699 quoque
986 615 1034 678 est
1053 613 1156 678 Attici

194 703 349 768 bonitatis
372 702 561 786 exemplum,
584 700 759 784 quodcum
781 720 830 783 eo,
852 719 948 782 quem
964 717 1098 781 puerum
1119 696 1156 761 in
1289 693 1290 724 ³

194 787 270 852 ludo
293 790 457 872 cognorat,
479 785 557 851 adeo
573 785 743 851 coniuncte
758 783 848 867 vixit,
870 787 907 847 ut
927 781 968 848 ad
982 784 1155 846 extremam

164 874 333 937 caesarem
359 871 498 937 amicitia
525 891 636 935 eorum
663 869 806 934 creverit.
849 866 1013 936 Antonius
1039 868 1156 947 autem,
1289 905 1290 944 ἶ

195 955 255 1020 etsi
281 957 372 1020 tanto
395 954 469 1021 odio
490 952 653 1018 ferebatur
674 953 709 1018 in
731 952 934 1035 Ciceronem,
961 953 1086 1015 utnon
1108 969 1158 1013 so·
1289 955 1290 982 l

194 1041 262 1104 lum
284 1039 329 1122 ei,
361 1037 534 1103 sedetiam
556 1038 704 1108 omnibus
726 1035 794 1102 eins
815 1036 925 1100 amicis
947 1033 1158 1100 essetinimi-
1289 1039 1290 1086 l

195 1143 251 1188 cus
272 1143 391 1206 eosque
413 1122 512 1187 vellet
524 1121 732 1206 proscribere,
753 1119 863 1184 multis
884 1119 1089 1188 hortantibus
1110 1120 1157 1181 ta·
1289 1167 1290 1184 ,

194 1228 269 1272 men
290 1206 392 1272 Attici
412 1227 536 1272 memor
556 1206 620 1270 fuit
634 1203 732 1270 officii
754 1207 788 1269 et
808 1204 847 1286 ei,
869 1224 942 1268 cum
961 1203 1156 1286 requisisset,

195 1291 328 1356 ubinam
350 1293 448 1372 esset,
469 1311 527 1355 sua
548 1309 646 1354 manu
667 1289 804 1372 scripsit,
826 1308 867 1351 ne
888 1287 1016 1352 timeret
1035 1287 1158 1352 statim-

196 1395 259 1520 que
281 1374 321 1438 ad
342 1395 376 1439 se
397 1373 536 1439 veniret:
569 1393 603 1438 se
636 1394 709 1438 eum
731 1375 764 1436 et
794 1371 882 1436 illius
909 1391 1003 1437 causa
1032 1370 1158 1449 Canum

218 1478 235 1522 e
269 1457 521 1541 proscriptorum
551 1477 686 1522 numero
717 1456 879 1521 exemisse.
933 1477 971 1521 ac
1001 1475 1043 1519 ne
1093 1452 1159 1518 uod

197 1533 376 1626 periculum
404 1541 573 1624 incideret,
601 1540 687 1625 quod
711 1544 810 1606 noctu
830 1539 941 1622 fiebat,
963 1475 1158 1624 praesilium

166 1627 227 1690 eei
254 1626 351 1692 misit.
394 1626 440 1692 sic
461 1626 588 1691 Atticus
614 1625 650 1690 in
675 1645 799 1690 summo
821 1624 936 1689 timore
963 1643 1032 1688 non
1053 1622 1158 1688 solurn

197 1709 274 1793 sibi,
296 1709 469 1776 sedetiam
492 1709 535 1794 ei,
558 1730 654 1793 quem
674 1709 872 1774 carissimum
892 1707 1047 1789 habebat,
1068 1727 1157 1790 prae-

197 1792 278 1858 sidio
300 1794 372 1858 fuit.
408 1814 514 1877 neque
535 1794 622 1858 enim
643 1813 718 1858 suae
733 1792 838 1858 solum
859 1812 1055 1875 aquoquam
1070 1791 1157 1855 auxi·

198 1878 277 1942 lium
298 1877 392 1961 petiit
412 1877 524 1944 salutis
545 1877 614 1975 [sed
635 1875 821 1963 coniunctil,
842 1879 879 1940 ut
899 1878 1068 1959 appareret
1087 1874 1157 1938 nul·

166 1961 263 2026 olam
291 1962 467 2027 seiunctam
493 1962 555 2027 sibr
582 1962 621 2026 ab
650 1982 688 2026 eo
715 1961 798 2026 velle
822 1959 995 2026 fortunam.
1044 1958 1158 2041 quodsi

220 2046 394 2112 ubernator
418 2046 589 2130 praecipua
620 2043 713 2110 lauda
739 2044 856 2128 fertur,
889 2044 945 2128 qui
977 2063 1092 2109 narem
1119 2063 1158 2108 ex

150 2193 157 2204 ,
196 2066 302 2227 liene
323 2129 656 2278 fflllrmplhstl
678 2133 799 2226 servat,
821 2148 966 2277 cuqoqron
987 2127 1158 2212 singularis

197 2233 460 2394 llllselfocellis
481 2233 630 2362 cltllibll
650 2233 692 2361 lt
712 2215 1157 2380 llllllmiarellnllllelll?

151 2386 185 2448 ll
282 2378 405 2456 Qnrbns
426 2395 466 2445 cx
486 2380 580 2446 malis
600 2382 637 2446 nt
658 2400 693 2446 sc
715 2380 858 2464 emersit,
878 2379 962 2446 nihil
983 2379 1070 2445 aliud
1092 2379 1159 2464 egit

199 2468 355 2615 stus*
372 2485 471 2614 tisim
488 2464 662 2614 iffi
680 2465 1160 2614 utriusqus?

199 2571 494 2782 araur
513 2569 1002 2781 auriclania
1021 2631 1161 2779 aa

170 2802 286 2866 rfacta
308 2803 370 2864 est:
393 2801 471 2885 quin
493 2801 590 2865 etiam
610 2737 692 2884 postj
705 2737 864 2884 plloelium
883 2735 1090 2880 Philippclnse
1112 2797 1160 2862 in-

199 2886 393 2968 teritumque
415 2883 450 2950 O.
473 2883 576 2950 Cassii
603 2887 636 2948 et
655 2882 700 2949 M.
722 2881 818 2948 Bruti
844 2881 882 2947 L.
909 2879 1028 2946 Iulium
1048 2880 1161 2946 Mocil-

199 2969 265 3034 lam
286 2969 483 3053 praetorium
505 2967 660 3034 etlilium
681 2966 749 3031 eins
763 2966 948 3049 Aulumque
961 2964 1160 3050 Torquatum

200 3057 385 3136 ceterosque
411 3053 482 3151 pari
502 3052 634 3118 fortuna
658 3049 821 3134 perculsos
842 3049 985 3116 instituit
1010 3051 1094 3115 tueri
1115 3054 1161 3115 at·

200 3158 263 3223 que
290 3159 327 3202 ex
359 3136 459 3202 Erro
486 3136 526 3200 iis
554 3133 663 3200 omnia
695 3132 949 3200 Samothraciam
979 3135 1161 3219 supportari

171 3221 303 3287 siussit.
347 3219 380 3284 di
417 3219 477 3285 cile
505 3221 555 3284 est
576 3218 684 3283 omnia
707 3219 856 3303 persequi
878 3222 911 3284 at
930 3239 1000 3284 non
1020 3225 1161 3284 necessa·
1289 3247 1290 3262 2

201 3307 293 3370 rium.
336 3304 416 3369 illud
437 3323 537 3368 unurn
557 3302 703 3388 intellegi
725 3303 888 3386 volumus,
915 3302 1003 3368 illius
1023 3302 1161 3370 liberuli-

172 3393 300 3455 ctatenr
321 3409 426 3473 neque
446 3387 673 3471 temporariam
693 3407 798 3472 neque
817 3386 964 3453 callidam
985 3387 1094 3453 fuisse.
1129 3385 1164 3452 id

204 3491 244 3536 ex
263 3469 342 3555 ipsis
369 3472 463 3538 rebus
484 3493 521 3538 ac
542 3471 741 3558 temporibus
767 3470 901 3538 iudicari
927 3474 1049 3554 potest,
1077 3470 1164 3554 quod
