2590 3946
425 193 473 242 vr.
502 167 697 242 nrsnunun.
720 188 744 238 s.
766 187 791 238 s.
1043 176 1086 244 23

122 325 397 394 Lacedaemonem
418 329 583 411 miserunt,
605 327 660 412 qni
674 323 873 410 Lysandrum
891 331 1085 413 accusarent,

120 412 214 496 =quod
227 413 405 478 sacerdotes
419 411 489 476 fani
503 431 704 495 corrumpere
719 413 852 476 conatus
867 416 957 477 esset.
994 423 1115 477 arou-s

127 500 214 564 satus
240 497 302 563 hoe
331 495 464 562 crimine
489 495 692 578 iudicumque
717 495 883 560 absolutus
909 497 1086 579 sententiis,

127 581 350 646 Orchomeniis
371 580 487 646 missus
508 578 648 646 subsidio
671 579 792 645 occisus
815 582 863 644 est
884 602 904 643 a
924 579 1086 644 Thebanis

122 665 211 748 apud
232 665 424 731 Haliartum.
469 686 563 748 quam
585 685 659 730 vere
680 663 720 729 de
741 684 779 728 eo
801 661 886 730 foret
899 664 1115 750 iudicatum,t

125 750 230 814 aretio
252 749 371 815 indicio
393 748 464 833 fuit,
490 769 571 833 quae
591 752 666 832 post
686 752 822 814 mortam
843 748 879 812 in
901 747 995 814 domo
1018 749 1086 815 eius

126 836 253 916 reperte
275 837 337 916 est,
365 833 485 917 inqua
506 832 618 897 suadet
638 831 911 916 Lacedaemoniis,
939 836 976 898 ut
997 834 1088 919 regia

125 919 285 1064 potestate
307 915 461 982 dissoluta
474 938 513 982 ex
528 917 677 982 omnibus
697 916 759 981 dux
782 916 940 1001 deligatur
961 916 1002 981 ad
1022 917 1088 982 bel·

126 1023 194 1064 um
216 1001 404 1086 gerendum,
433 999 488 1099 sed
514 1003 559 1066 sio
586 1001 720 1098 scripte,
749 1003 786 1066 ut
810 1000 905 1098 deum
926 999 1088 1066 videretur

122 1085 742 1267 tssttfflltlltfttzeutllt
757 1105 794 1233 ⁸0⁶1
808 1084 1088 1253 ilffibti

125 1251 380 1318 Halicarnassius
403 1254 527 1318 dicitur.
906 1305 911 1316 .

210 1339 319 1421 Atque
339 1337 401 1402 hoc
422 1337 493 1402 looo
515 1358 584 1403 non
604 1341 654 1403 est
678 1336 945 1421 praetereundum
964 1337 1086 1403 factum
1102 1337 1124 1401 4

123 1422 336 1503 Pharnabazi,
358 1423 493 1505 satrapis
514 1421 604 1506 regii.
641 1442 718 1485 nam
731 1442 804 1485 cum
819 1421 983 1504 Lysander
996 1443 1087 1506 prae·

126 1505 230 1570 fectus
251 1505 360 1570 classis
382 1505 417 1568 in
438 1505 523 1570 bello
549 1504 652 1568 multe
672 1504 842 1570 crudeliter
863 1526 1020 1589 avareque
1042 1506 1088 1570 fe-

126 1591 223 1656 cisset
244 1587 345 1674 deque
366 1589 405 1652 iis
427 1588 521 1653 rebus
542 1588 756 1671 suspicaretur
769 1587 810 1653 ad
830 1589 915 1654 cives
930 1609 1004 1653 suos
1019 1609 1087 1654 esse

125 1673 300 1758 perlatum,
327 1672 423 1756 petiit
453 1672 703 1738 aPhernsbuzo
730 1674 769 1736 ut
794 1670 834 1736 ad
861 1672 1000 1756 ephoros
1026 1672 1088 1738 sibi

125 1757 346 1823 testimonium
361 1755 460 1841 daret,
481 1759 602 1840 quanta
616 1755 784 1822 sanctitate
804 1753 925 1821 bellum
939 1755 1089 1840 gessisset

126 1843 295 1924 sociosque
315 1844 490 1938 tractasset,
514 1840 624 1937 deque.
638 1861 676 1904 ea
696 1860 731 1904 re
749 1843 898 1937 accurate
920 1839 1087 1935 scriberet:

125 1945 279 2073 tutet
286 1925 798 2106 sitiniipiiiielliiirtl
809 1923 1117 2092 gestitet,

123 2092 237 2158 multis
258 2095 462 2176 consempsit,
483 2113 519 2156 m
540 2092 656 2175 qu1bus
676 2110 807 2156 sumnus
822 2111 896 2156 eum
910 2091 1002 2156 effert
1022 2091 1089 2156 lau-

122 2176 229 2244 dibus.
262 2196 358 2261 quem
380 2197 453 2242 cum
473 2175 605 2260 legisset
624 2175 862 2259 probassetque,
885 2173 960 2240 dum
982 2176 1008 2238 s'

121 2265 195 2344 tur,
227 2259 363 2324 alterum
389 2260 460 2343 pari
487 2257 723 2344 magnitudine,
750 2261 841 2327 tanta
867 2257 1033 2324 similitu·
1059 2279 1087 2342 e,

129 2348 166 2409 ut
186 2343 323 2408 discerni
349 2364 417 2408 non
443 2347 566 2440 posset,
594 2343 756 2426 signatum
782 2341 931 2424 subiecit,
960 2343 995 2406 in
1023 2363 1087 2425 quo

121 2427 363 2506 accuratissime
385 2427 453 2490 eius
475 2426 641 2491 arentiam
662 2424 890 2508 perfidiamque
915 2429 1087 2490 accusaret.

128 2508 306 2595 Lysander,
334 2509 464 2575 domum
489 2530 563 2574 oum
589 2507 736 2591 redisset,
763 2509 934 2591 postquam
961 2508 999 2572 de
1022 2509 1118 2572 suisa

127 2595 223 2660 rebus
250 2593 348 2680 gestis
370 2593 455 2677 apud
480 2591 655 2656 maximum
759 2591 903 2664 'matum
954 2613 1013 2656 uae
1036 2613 1089 2656 ro·

124 2680 233 2744 luerat
258 2679 393 2760 dixerat,
429 2676 608 2742 testimonii
641 2675 713 2741 loco
761 2675 864 2740 ’brum
898 2697 917 2740 a
974 2675 1088 2740 hama

127 2765 207 2828 bono
227 2761 335 2827 datum
355 2761 496 2826 tradidit.
539 2759 626 2826 hunc
647 2763 806 2824 summoto
829 2757 993 2843 Lysandro
1017 2781 1089 2824 eum

125 2846 242 2929 ephori
264 2848 464 2932 cognossent,
486 2841 549 2929 ipsi
570 2842 742 2930 legendum
763 2843 927 2910 dederunt
966 2843 1013 2909 ita
1034 2843 1097 2918 illo,

124 2929 312 3012 imprudens
333 2929 402 3014 ipse
423 2950 499 2996 suus
521 2928 584 2994 luit
605 2930 779 2995 aecusator.

510 3215 709 3234 md
