2606 3940
234 231 296 296 102
523 243 607 292 xxv.
650 239 902 294 turrenses.

231 381 377 448 nativum
399 377 559 463 quendum
577 378 720 463 leporem
741 397 818 463 esse,
839 399 908 443 non
928 379 1074 444 nocitum
1110 379 1196 444 idem

231 467 381 548 poemate
406 463 638 562 pronuntiabat
662 466 696 528 et
722 461 843 527 Graece
871 465 905 527 et
929 461 1044 527 Intine
1071 463 1131 548 sic,
1159 469 1197 530 ut

201 562 272 614 ssu
294 570 332 614 rc
351 547 435 613 nihil
449 551 559 632 posset
572 545 654 612 sddi.
692 547 809 630 qmbus
829 547 925 611 rebus
944 545 1067 612 lactum
1089 550 1139 612 est
1156 552 1197 613 nt

232 632 255 699 S
343 653 503 716 nusqnum
524 652 598 697 eum
619 632 660 696 sb
681 651 716 696 se
737 630 913 695 dimitteret
933 634 1126 715 cuperetque
1147 652 1196 697 se·

230 737 305 782 cum
326 714 490 782 deducere.
534 716 590 800 qui
611 735 685 780 cum
710 715 901 798 persuadere
929 717 1078 799 tentaret,
1104 716 1196 798 ‘noli

231 821 289 867 oro
310 804 355 866 ts’
383 800 491 885 inquit
516 798 716 884 Pomponius
743 799 924 864 ‘adversum
951 819 1007 864 eos
1033 819 1085 864 me
1112 799 1196 864 velle

231 884 357 968 ducere,
379 905 453 949 cum
474 883 590 968 qmbus
616 904 658 948 ne
680 886 793 968 contro
813 887 846 947 te
868 903 957 948 srmn
976 882 1109 968 ferrem,
1130 881 1195 948 Itu-

229 968 308 1034 lium
328 966 466 1052 reliqui!
506 971 542 1033 nt
554 965 645 1033 Sulla
657 967 870 1033 sdulsscsntis
889 966 998 1032 officio
1012 966 1193 1033 collaudato

230 1052 341 1200 ¹olnmiu
372 1051 587 1200 munezsdsfi,
618 1071 702 1150 quse
739 1051 877 1116 Athenis
909 1055 1090 1136 acceperet,
1121 1073 1195 1137 pro·

254 1156 376 1203 ciscens
396 1157 475 1201 russi
565 1155 637 1200 ern.

200 1232 217 1282 c
315 1219 379 1285 Hic
399 1219 580 1305 complures
594 1240 698 1285 snncs
718 1223 871 1304 moratus,
893 1240 967 1285 cum
987 1223 1021 1286 st
1041 1220 1089 1286 rei
1102 1219 1194 1285 femi·

187 1317 194 1332 '
229 1305 302 1370 lieri
322 1306 451 1370 tuntum
477 1325 498 1369 o
522 1324 593 1368 erse
615 1304 719 1387 duret,
747 1307 904 1387 quantum
930 1324 999 1370 non
1019 1303 1193 1390 indiligens

229 1388 360 1453 deberet
379 1391 471 1472 poter
491 1325 640 1472 limilius,
663 1391 696 1453 et
710 1387 819 1454 omnis
832 1387 956 1471 relique
969 1389 1116 1471 temporo
1137 1392 1195 1454 snt

229 1471 345 1538 litteris
359 1475 416 1537 snt
430 1471 678 1537 Atheniensium
691 1471 739 1537 rei
753 1471 900 1556 publicae
913 1471 1077 1557 tribueret,
1088 1472 1192 1538 nihilo

199 1556 337 1622 dminus
358 1555 469 1621 amicis
495 1557 619 1621 urbano
646 1555 753 1621 officis
778 1556 947 1641 praestitit
989 1577 1066 1621 nnm
1093 1560 1126 1622 et
1153 1558 1195 1623 sd

229 1640 359 1706 comitio
381 1661 492 1706 eorum
513 1640 685 1706 ventitavit
709 1642 756 1724 et,
786 1641 814 1705 si
836 1661 900 1724 qus
919 1660 971 1704 res
997 1640 1100 1706 maior
1121 1644 1194 1706 ectu

229 1728 288 1807 est,
309 1745 377 1790 non
392 1723 503 1790 defuit.
539 1724 623 1790 sicut
637 1722 785 1790 Ciceroni
805 1724 841 1788 in
863 1723 1012 1790 omnibns
1027 1725 1095 1789 eius
1109 1727 1192 1822 peri·

228 1807 310 1872 culis
324 1807 519 1892 singularem
533 1808 629 1872 fidem
640 1807 803 1891 praebuit:
819 1807 871 1872 cui
886 1828 925 1872 ex
938 1807 1043 1892 patria
1052 1807 1192 1894 fugienti

229 1891 410 1956 sestertium
436 1890 573 1980 ducenta
606 1895 639 1957 et
665 1891 901 1976 quinquaginta
926 1891 1017 1956 milis
1048 1892 1191 1959 donavit.

198 1974 446 2059 ttrunquillutis
472 1979 580 2041 nutem
606 1978 701 2041 rebus
727 1975 882 2040 Romanis
915 1975 1102 2061 remigravit
1128 1976 1192 2042 Ro-

227 2080 328 2143 mum,
356 2061 395 2125 ut
421 2079 440 2124 o
464 2059 537 2125 inor
561 2059 597 2125 L.
620 2060 716 2126 Cotta
736 2059 773 2124 L.
796 2058 960 2157 'l'orquuto
989 2060 1191 2127 consulibus:

226 2163 323 2226 quem
345 2140 411 2208 disc
452 2145 558 2208 entem
579 2143 625 2208 sic
646 2143 796 2208 universe
814 2144 928 2209 cintus
942 2143 1190 2210 Atheniensium

225 2227 396 2374 prgisccuttc
423 2229 485 2309 est,
512 2229 550 2291 ut
563 2225 715 2294 ,lacrimis
743 2226 891 2292 desiderii
917 2228 1019 2294 futuri
1047 2229 1191 2296 dolorem
1281 2283 1282 2330 ἒ

226 2329 262 2373 ιιι
297 2329 392 2374 cure.
610 2350 615 2359 -
1281 2355 1282 2360 ι

190 2391 212 2457 b
309 2391 674 2491 chebstsvunculum
695 2393 732 2471 Q.
756 2395 940 2495 Osscilium,
966 2397 1105 2496 equitem
1126 2396 1209 2464 Ro·
1281 2391 1282 2470 ἶ

387 2477 1191 2660 {edisserentem
1281 2627 1282 2634 ψ

226 2664 321 2709 nemo
335 2643 421 2708 ferre
434 2647 551 2729 posset,
573 2645 669 2742 buius
687 2666 756 2711 sine
772 2646 948 2713 offensione
969 2645 1010 2712 sd
1031 2669 1189 2714 summum

226 2729 424 2792 senectutem
437 2728 606 2794 retinuerit
619 2729 885 2796 benevolentium.
923 2751 987 2815 quo
1005 2729 1091 2797 fecto
1112 2733 1190 2798 tulit

195 2809 356 2893 tpietetis
376 2812 526 2877 fructum.
563 2812 720 2878 Caecilius
735 2814 822 2879 enim
842 2814 983 2880 moriens
996 2819 1188 2882 testamento
1281 2855 1282 2860 κ

227 2893 392 2978 adoptavit
413 2915 486 2959 cnm
500 2895 712 2981 heredemque
727 2896 804 2963 lecit
818 2919 857 2962 ex
871 2897 1041 2964 do'drunte:
1064 2921 1103 2965 ex
1124 2921 1190 2984 que

195 2977 404 3043 shercditute
430 2979 553 3064 sucepit
579 2979 706 3046 circiter
732 2981 853 3047 centies
880 2983 1070 3049 nectendum.
1119 2988 1190 3050 eret
1237 3007 1242 3014 ·

223 3061 732 3232 tptttttttttitd
748 3065 1189 3218 t3⁰i⁰t„ttt³tttt*¹t

223 3194 320 3295 velint
341 3229 611 3328 coniunctissime?
634 3170 857 3299 multhetiem
878 3173 1069 3301 seminudus
1091 3257 1189 3321 quum

223 3333 298 3379 cum
320 3309 457 3398 Quinto,
484 3317 523 3379 ut
542 3314 686 3380 iudicent
698 3317 800 3401 possit
820 3319 894 3402 plns
915 3319 951 3384 in
972 3319 1114 3386 umicitiu
1134 3342 1189 3386 vs-

193 3397 289 3461 tlore
311 3395 553 3462 similitudinem
575 3420 701 3487 morum
723 3422 819 3485 quem
841 3402 1041 3470 affinitatem.
1077 3404 1190 3470 utebu·

223 3483 276 3544 tur
296 3482 404 3546 nutem
425 3481 539 3547 intime
568 3480 605 3558 Q.
627 3482 817 3569 Hortensio,
846 3486 902 3569 qui
923 3487 963 3552 iis
988 3487 1189 3573 temporibus
