2606 3940
376 239 478 288 ιιιιιιι.
519 236 708 287 naumann.
729 233 822 285 e-rr.
1043 221 1086 287 95
1177 223 1180 229 '

12 349 13 384 r
116 374 286 441 cramtiam
314 373 533 440 Cretensium:
568 391 720 456 magnam
735 372 831 436 enim
860 392 966 438 secum
991 392 1085 456 pecu·

12 479 13 482 ’
117 459 207 526 niam
228 458 388 542 portabat,
411 456 449 521 de
473 477 537 540 qua
556 456 679 524 sciebat
693 455 794 520 exisse
811 457 940 520 famam.
975 455 1134 539 itaques-

12 601 13 630 ,
118 543 206 626 capit
226 541 291 609 tale
320 540 501 606 consilium.
545 539 717 624 amphoras
746 538 925 622 complures
948 539 1087 623 complet

117 627 262 712 plumbo,
285 647 426 722 summas
449 625 554 709 operit
575 644 654 692 euro
676 626 709 688 et
729 626 874 708 argento.
917 623 976 690 hos
996 644 1087 706 prae·

118 711 263 776 sentibus
277 709 384 792 prmci
406 709 479 772 ibus
495 706 629 792 deponit
648 707 684 773 in
698 707 819 791 templo
834 706 968 791 Dianae,
991 707 1087 772 simu·

118 795 190 860 lans
217 815 251 858 se
272 814 347 858 suas
375 731 523 857 lbrtunas
544 791 675 858 illorum
695 790 770 857 fidei
797 790 932 859 credere.
975 790 1087 856 bisin

120 899 261 944 errorem
281 875 432 960 inductis,
455 879 578 943 statues
597 879 729 959 *aeneas
752 897 831 960 quas
852 895 960 942 secum
979 877 1087 959 porta-

120 963 185 1045 bat,
209 961 298 1026 omni
320 983 378 1027 sua
425 960 539 1026 ecunia
560 960 699 1044 complet
720 980 836 1042 easque
858 959 894 1024 iu
913 957 1086 1043 propatulo

120 1045 208 1111 domi
230 1044 350 1110 abiicit
397 982 548 1128 doeynii
568 1043 725 1126 templum
745 1063 864 1128 magna
885 1063 961 1108 cura
982 1046 1116 1107 custo-4

122 1129 225 1212 diunt,
247 1150 316 1195 non
330 1132 398 1192 tam
420 1150 439 1193 a
460 1127 573 1193 ceteris
588 1149 685 1211 quam
699 1127 739 1192 ab
754 1125 947 1211 Hannibale,
968 1147 1010 1192 ne
1031 1126 1086 1190 ille

120 1212 332 1282 inscientibus
353 1211 394 1277 iis
416 1211 545 1276 tolleret
566 1231 736 1294 secumque
758 1209 895 1275 duceret.

207 1295 260 1362 Sic
283 1295 481 1361 conservatis
508 1295 574 1362 suis
601 1295 696 1360 rebus
717 1294 860 1377 Poenus,
887 1292 991 1359 illusis
1012 1291 1137 1358 Cre-10

120 1381 266 1446 tensibus
288 1380 456 1463 omnibus,
484 1379 525 1444 cd
545 1378 692 1444 Prusiam
712 1380 748 1444 iu
768 1378 910 1460 Pontum
930 1377 1087 1462 pervenit.

120 1487 141 1530 a
163 1463 207 1531 ud
229 1485 325 1548 quem
354 1462 467 1531 eodem
488 1463 596 1530 animo
622 1461 789 1548 fuiterga
814 1461 957 1544 Italiam,
983 1482 1087 1544 neque

78 1574 80 1578 ·
153 1547 208 1617 iud
231 1547 407 1631 quidquam
422 1547 489 1633 egit
503 1568 601 1630 quam
614 1565 723 1631 regern
738 1547 874 1610 armavit
895 1549 929 1609 et
947 1545 1089 1609 exercuit

121 1632 273 1699 adversus
283 1629 458 1698 Romanos.
492 1652 588 1715 quem
602 1651 676 1696 cum
689 1629 812 1694 videret
825 1629 1006 1694 domesticis
1019 1629 1086 1712 opi·
1100 1641 1116 1690 r

119 1717 182 1782 bus
204 1715 314 1784 minus
336 1737 405 1780 esse
426 1715 605 1798 robustum,
631 1715 823 1779 conciliabat
843 1717 965 1792 ceteros
985 1733 1020 1778 re
1044 1733 1088 1795 es,

120 1799 321 1884 adiungebat
334 1799 503 1866 bellicosas
517 1800 675 1864 nationes.
711 1797 884 1864 dissidebat
905 1797 945 1862 sb
960 1817 998 1862 eo
1013 1732 1088 1862 lger·

144 1903 279 1948 amenus
300 1903 357 1948 rex
377 1882 554 1963 Eumenes,
582 1881 737 1946 Romanis
768 1883 994 1963 amicissimus,
1022 1880 1088 1945 bel·

120 1904 253 2062 fumque
286 1965 454 2031 intereos
481 1965 651 2048 gerebatur
679 1968 712 2028 et
733 1965 814 2030 mari
836 1967 868 2030 et
888 1969 990 2028 terra:
1023 1985 1087 2046 quo

121 2071 226 2134 magis
247 2048 397 2133 cupiebat
419 2068 492 2112 eum
512 2045 677 2116 Hannibal
699 2068 740 2131 op
764 2047 846 2112 rimi.
890 2046 945 2110 sed
966 2047 1117 2110 utrobi-a

123 2155 185 2219 que
200 2131 361 2199 Eumenes
375 2131 450 2216 plus
465 2129 593 2196 valebat
606 2134 739 2214 propter
783 2151 972 2196 omanorum
990 2131 1087 2196 socie·

122 2223 240 2282 tatem:
263 2237 359 2301 quem
381 2217 408 2280 si
429 2215 626 2297 remouisset,
649 2213 794 2279 faciliora
816 2214 878 2279 sibi
892 2217 997 2279 cetera
1017 2215 1087 2281 fore

123 2301 348 2368 arbitrabatur.
402 2299 443 2364 ad
475 2300 562 2376 hunc
594 2297 853 2364 interficiundum
884 2298 983 2362 talem
1014 2298 1088 2362 iniit

123 2386 291 2450 rationem.
325 2383 425 2448 classe
440 2383 550 2466 paucis
565 2382 676 2448 diebus
690 2386 782 2447 erant
796 2380 963 2447 decreturi.
996 2395 1118 2465 supe-4

123 2471 255 2536 rebatur
276 2468 412 2534 narium·
429 2465 652 2532 multitudine:
681 2464 755 2531 dolo
778 2469 847 2530 erat
867 2463 1088 2548 pugnandum,

124 2575 198 2618 cum
223 2574 283 2636 par
309 2572 378 2617 non
396 2554 489 2622 ,esset
516 2551 622 2616 annis.
671 2549 842 2633 imperavit
869 2570 966 2632 quam
990 2547 1088 2631 pluri·

124 2658 193 2701 mas
207 2639 381 2702 venenatas
403 2637 567 2718 serpentes
581 2635 671 2699 vivas
693 2633 803 2719 colligi
824 2654 940 2716 easque
962 2633 998 2695 in
1012 2653 1089 2696 vase

124 2719 236 2784 fictilia
258 2719 383 2785 coniici.
420 2719 535 2782 harum
553 2739 626 2783 cum
640 2717 795 2784 effecisset
813 2739 846 2782 m
913 2737 964 2780 am
978 2715 1117 2780 multi-c

124 2803 279 2888 tudinem,
302 2803 353 2870 die
368 2803 449 2887 ipso,
472 2823 535 2885 quo
550 2801 693 2866 facturus
708 2805 778 2865 erat
790 2822 854 2866 nar
888 2821 905 2864 e
919 2801 1087 2884 proelium,

79 2887 83 2894 '
125 2887 304 2953 classiarios
330 2891 487 2953 convocat
511 2885 615 2969 iisque
639 2885 809 2969 praecipit,
841 2905 952 2950 omnes
984 2889 1021 2950 ut
1053 2885 1088 2946 in

125 2991 224 3035 unam
249 2971 404 3036 Eumenis
434 2970 519 3055 regis
547 2976 739 3036 concurrant
768 2990 899 3052 navem,
926 2990 947 3032 a
975 2967 1088 3032 ceteris

125 3057 252 3119 tantum
279 3055 356 3118 satis
382 3054 524 3119 habeant
550 3075 584 3120 se
611 3053 789 3118 defendere.
831 3051 865 3116 id
892 3051 966 3116 illos
992 3051 1087 3116 facile

125 3137 323 3222 serpentium
343 3137 549 3203 multitudine
571 3142 807 3204 consecuturos.
849 3157 906 3200 rex
922 3139 1030 3200 autem
1052 3137 1117 3198 ine

12 3261 18 3286 ι
126 3244 190 3306 qua
210 3242 292 3286 nave
315 3222 492 3306 veheretur,
514 3227 551 3287 ut
572 3222 704 3305 scirent,
727 3243 760 3287 se
786 3220 962 3286 facturum:
992 3239 1087 3302 quem

125 3307 153 3372 si
175 3309 232 3370 aut
259 3305 417 3390 cepissent
444 3309 500 3370 aut
526 3307 770 3388 interfecissent,
792 3326 911 3390 magno
934 3305 973 3366 iis
994 3301 1092 3386 polli··

126 3394 216 3458 cetur
234 3389 378 3474 praemio
399 3389 480 3457 fore.
523 3390 582 3454 tali
604 3391 825 3456 cohortatione
842 3388 981 3453 militum
1002 3385 1133 3450 factall

125 3475 235 3542 classis
257 3475 297 3540 ab
319 3475 462 3558 utrisque
491 3475 526 3540 in
550 3474 710 3560 proelium
734 3473 909 3538 deducitur.
953 3491 1088 3555 quarum
