2570 3952
204 217 246 282 28
475 231 542 282 vn.
576 229 794 281 scammuse.
816 227 890 277 e-e,

204 389 335 432 suorum
372 367 563 450 accipiebat,
604 367 811 432 reminiscens
847 367 976 450 pristini
1012 369 1172 452 temporis

174 451 420 516 lacerbitatem.
463 471 523 534 pos
561 471 635 514 uam
656 452 692 514 in
712 455 783 514 astu
805 451 909 533 venit,
942 452 1093 516 contione
1114 453 1171 515 ad-

204 541 318 600 uocata
349 535 395 599 sic
421 536 520 598 verba
561 534 637 612 ecit,
665 539 703 597 ut
728 555 824 598 nemo
852 540 919 598 tarn
946 536 1034 600 ferus
1060 537 1171 620 fuerit,

204 621 284 766 quin
304 619 372 682 eius
392 619 479 681 casui
493 618 703 682 illacrumarit
716 618 882 683 inimicum
904 619 999 684 neiis
1014 641 1048 683 se
1062 626 1171 683 osten-

225 704 300 785 erit,
350 723 466 766 uorum
493 697 590 849 qpera
615 702 722 785 patria
746 701 857 785 pulsus
921 708 1005 786 erat,
1032 705 1173 787 proinde

204 807 241 851 ac
268 788 295 850 si
358 785 405 850 'us
427 807 492 868 pop
528 807 581 868 us,
607 806 676 849 non
697 784 752 849 ille
768 786 859 869 «ipse,
887 788 943 870 qui
969 791 1041 850 tum
1061 787 1172 868 fiebat,

175 885 279 934 ceum
300 870 460 953 sacrilegii
482 868 671 933 damnasset.
714 869 863 934 restituta
884 890 961 954 ergo
989 871 1065 934 huic
1093 878 1173 936 sunt

203 954 331 1038 publice
351 954 453 1036 bona,
482 952 647 1036 eidemque
675 953 723 1016 illi
749 952 961 1036 Eumolpidae
989 954 1172 1020 sacerdotes

203 1058 313 1101 uersus
338 1057 497 1102 resacrare
524 1039 600 1100 sunt
627 1037 744 1118 macti,
778 1038 833 1120 qui
862 1057 936 1100 eum
963 1041 1171 1121 devoverant,

202 1121 351 1204 pilaeque
372 1121 462 1219 illae,
490 1121 525 1184 in
553 1121 669 1201 quibus
696 1121 824 1184 devotio
846 1121 952 1185 fuerat
973 1122 1105 1205 scripta,
1132 1125 1172 1187 in

148 1225 425 1384 'zmarererqeqr
437 1209 556 1352 ciffi
573 1288 696 1351 laetitia
716 1308 784 1352 non
804 1288 901 1352 nimis
922 1289 986 1353 fuit
1006 1290 1172 1356 diuturna.

203 1395 279 1437 nem
301 1393 374 1436 cum
389 1393 418 1435 er
432 1391 544 1435 omnes
558 1375 665 1435 essent
678 1373 818 1436 honores
833 1371 952 1436 decreti
971 1377 1103 1456 totaque
1117 1395 1173 1438 res

203 1457 333 1541 publica
347 1454 434 1521 domi
447 1455 589 1540 bellique
610 1454 737 1538 tradita,
758 1460 796 1519 ut
816 1457 913 1519 unius
932 1451 1065 1521 arbitrio
1080 1478 1175 1542 gere-

204 1546 306 1624 retur,
334 1539 462 1624 etipse
488 1539 681 1622 postulasset
708 1543 745 1603 ut
774 1540 837 1604 duo
865 1539 927 1602 sibi
953 1541 1094 1688 collegae
1116 1542 1172 1606 da·

203 1630 330 1707 rentur,
352 1623 571 1706 Thrasybulus
596 1626 631 1686 et
650 1623 859 1705 Adimantus,
886 1643 991 1707 neque
1017 1625 1030 1688 i
1071 1646 1173 1710 nega-

203 1713 273 1772 tum
295 1712 390 1790 esset,
423 1708 522 1772 'classe
552 1707 588 1770 in
619 1706 732 1770 Asiam
760 1707 939 1790 profectus,
968 1709 1055 1791 quod
1083 1711 1173 1792 apud

205 1791 327 1874 Cymen
352 1791 459 1854 minus
487 1811 526 1853 ex
553 1790 714 1854 sententia
741 1811 809 1854 rem
836 1795 991 1884 gesserat,
1024 1793 1060 1856 in
1087 1794 1170 1858 invi-

174 1875 291 1938 adiam
313 1873 439 1938 recidit:
461 1873 545 1938 nihil
566 1874 652 1938 enim
674 1895 746 1938 eum
767 1895 836 1938 non
857 1873 983 1939 efficere
1004 1897 1098 1960 posse
1113 1877 1172 1942 du-

205 1959 328 2024 cebant.
365 1979 405 2034 ex
418 1978 482 2041 quo
498 1958 595 2022 fiebat
616 1962 653 2022 ut
669 1958 777 2022 omnia
791 1957 898 2022 minus
911 1976 1064 2042 prospere
1077 1965 1173 2046 gesta

205 2044 316 2124 culpae
330 2042 519 2124 tribuerent,
540 2062 614 2106 cum
635 2047 692 2106 aut
713 2063 786 2106 eum
807 2043 1017 2127 neglegenter
1034 2049 1092 2108 eut
1104 2067 1172 2110 ma-

204 2126 310 2189 litiose
337 2125 450 2188 fecisse
477 2125 687 2207 loquerentur
729 2125 812 2190 sicut
837 2129 907 2190 tum
933 2127 1065 2192 accidit:
1093 2150 1170 2194 nam

205 2211 391 2292 coemptum
411 2229 432 2271 a
451 2227 527 2292 rege
549 2228 661 2292 capere
676 2175 799 2292 (lymen
819 2205 961 2274 noluisse
980 2213 1170 2296 arguebant.

175 2293 314 2375 sitaque
342 2291 417 2355 huic
449 2291 587 2356 maxims
613 2297 763 2376 putamus
790 2293 876 2358 malo
903 2293 1003 2358 fuisse
1034 2296 1169 2364 nimiam

206 2375 391 2461 opinionem
424 2375 548 2460 ingenii
575 2379 671 2459 atque
697 2377 842 2442 virtuti&
880 2378 1054 2444 timebatur
1082 2380 1169 2446 enirn

204 2483 272 2526 non
300 2461 407 2525 minus
439 2481 536 2544 quam
562 2459 772 2545 diligebatur,
802 2483 845 2526 ne
872 2462 1011 2526 secunda
1037 2462 1170 2530 fortune

204 2567 236 2608 m
305 2545 394 2628 'sque
421 2545 535 2628 opibus
563 2544 665 2608 elatus
693 2545 897 2627 tyrannidem
918 2547 1169 2630 concupisceret.

206 2567 321 2711 quillis
334 2629 429 2694 rebus
450 2628 571 2693 factum
593 2631 698 2692 estut
725 2629 849 2693 absenti
870 2629 1094 2713 magistratum
1114 2633 1169 2696 ab·

175 2718 359 2796 erogarent
385 2716 418 2776 et
444 2713 543 2776 elium
564 2712 599 2775 in
627 2712 694 2775 eius
715 2713 823 2777 locum
851 2713 1091 2780 substituerent.
1134 2715 1169 2779 id
1264 2751 1265 2772 r

204 2795 259 2860 ille
281 2799 318 2866 ut
338 2795 470 2879 audivit,
493 2796 623 2860 domum
646 2796 762 2860 reverti
784 2794 889 2861 noluit
911 2799 944 2862 et
970 2819 1003 2861 se
1025 2797 1169 2882 Pactyen
1264 2799 1265 2812 ¹

205 2879 343 2944 contulit
368 2878 477 2963 ibique
503 2881 567 2943 trie
594 2879 723 2943 castelle
750 2880 953 2963 communiit,
977 2879 1091 2962 Ornos,
1114 2881 1169 2946 Bi·

205 2963 354 3046 santhen,
369 2962 579 3044 Neontichos,
593 2984 754 3058 manuque
774 2962 909 3028 collecta
927 2965 1048 3048 primus
1072 2965 1169 3032 Grae·
1264 2985 1265 3002 ¹

206 3067 261 3111 cae
282 3047 421 3111 civitatis
446 3048 482 3117 in
504 3045 674 3110 Thraciam
694 3047 836 3128 mtroiit,
863 3048 1034 3132 gloriosius
1062 3049 1170 3114 existi·

205 3151 298 3195 maus
318 3130 527 3194 barbarorum
540 3128 657 3212 praede
670 3129 859 3213 locupletari
873 3153 970 3214 quam
985 3131 1169 3200 Graiorum.

176 3227 271 3298 equa
291 3235 331 3278 ex
352 3234 386 3277 re
409 3217 551 3278 creverat
572 3233 645 3277 cum
665 3212 752 3278 fama
772 3217 843 3278 tum
858 3215 981 3298 opibus,
1003 3237 1169 3301 magnam·

205 3319 267 3383 que
289 3297 463 3362 amicitiam
484 3296 546 3362 sibi
568 3318 640 3361 cum
661 3297 851 3380 quibusdam
869 3299 998 3384 regibus
1013 3299 1170 3366 Thraciae

170 3384 405 3550 dpepelllelqlie
426 3469 535 3532 tamen
556 3488 576 3530 a
597 3465 727 3530 caritate
748 3465 870 3550 patriae
891 3467 997 3550 potuit
1011 3467 1168 3536 recedere.
