<?xml version="1.0" encoding="UTF-8"?>
<!DOCTYPE html PUBLIC "-//W3C//DTD XHTML 1.0 Transitional//EN"
    "http://www.w3.org/TR/xhtml1/DTD/xhtml1-transitional.dtd">
<html xmlns="http://www.w3.org/1999/xhtml" xml:lang="en" lang="en">
 <head>
  <title>
</title>
<meta http-equiv="Content-Type" content="text/html;charset=utf-8" />
  <meta name='ocr-system' content='tesseract 3.04.00' />
  <meta name='ocr-capabilities' content='ocr_page ocr_carea ocr_par ocr_line ocrx_word'/>
</head>
<body>
  <div class='ocr_page' id='page_1' title='image "./vitae01nepogoog_0082.png"; bbox 0 0 2606 3940; ppageno 0'>
   <div class='ocr_carea' id='block_1_1' title="bbox 412 242 1095 306">
    <p class='ocr_par' dir='ltr' id='par_1_1' title="bbox 412 242 1095 306">
     <span class='ocr_line' id='line_1_1' title="bbox 412 242 1095 306; baseline 0.003 -3"><span class='ocrx_word' id='word_1_1' title='bbox 412 255 511 304; x_wconf 84' lang='lat' dir='ltr'><strong>xv111.</strong></span> <span class='ocrx_word' id='word_1_2' title='bbox 547 256 717 306; x_wconf 78' lang='lat' dir='ltr'><strong>nonanus.</strong></span> <span class='ocrx_word' id='word_1_3' title='bbox 740 253 815 302; x_wconf 78' lang='lat' dir='ltr'><strong>s-r.</strong></span> <span class='ocrx_word' id='word_1_4' title='bbox 1055 242 1095 305; x_wconf 81' lang='lat'><strong>‘15</strong></span> 
     </span>
    </p>
   </div>
   <div class='ocr_carea' id='block_1_2' title="bbox 9 388 1138 1712">
    <p class='ocr_par' dir='ltr' id='par_1_2' title="bbox 133 388 1124 1211">
     <span class='ocr_line' id='line_1_2' title="bbox 134 388 1095 475; baseline 0 -20"><span class='ocrx_word' id='word_1_5' title='bbox 134 389 280 455; x_wconf 84' lang='lat' dir='ltr'><strong>mirabile</strong></span> <span class='ocrx_word' id='word_1_6' title='bbox 313 393 361 455; x_wconf 89' lang='lat' dir='ltr'><strong>est</strong></span> <span class='ocrx_word' id='word_1_7' title='bbox 391 390 510 475; x_wconf 88' lang='lat' dir='ltr'><strong>visum,</strong></span> <span class='ocrx_word' id='word_1_8' title='bbox 548 395 586 455; x_wconf 92' lang='lat' dir='ltr'><strong>ut</strong></span> <span class='ocrx_word' id='word_1_9' title='bbox 617 411 716 474; x_wconf 82' lang='lat' dir='ltr'><strong>aeque</strong></span> <span class='ocrx_word' id='word_1_10' title='bbox 748 392 891 456; x_wconf 73' lang='lat' dir='ltr'><strong>iumento</strong></span> <span class='ocrx_word' id='word_1_11' title='bbox 922 388 1032 455; x_wconf 83' lang='lat' dir='ltr'><strong>nitida</strong></span> <span class='ocrx_word' id='word_1_12' title='bbox 1056 401 1095 455; x_wconf 77' lang='lat' dir='ltr'><strong>ex</strong></span> 
     </span>
     <span class='ocr_line' id='line_1_3' title="bbox 134 472 1095 559; baseline 0 -21"><span class='ocrx_word' id='word_1_13' title='bbox 134 473 265 538; x_wconf 88' lang='lat' dir='ltr'><strong>castello</strong></span> <span class='ocrx_word' id='word_1_14' title='bbox 281 472 437 559; x_wconf 89' lang='lat' dir='ltr'><strong>educeret,</strong></span> <span class='ocrx_word' id='word_1_15' title='bbox 460 494 532 538; x_wconf 90' lang='lat' dir='ltr'><strong>cum</strong></span> <span class='ocrx_word' id='word_1_16' title='bbox 547 473 726 558; x_wconf 77' lang='lat' dir='ltr'><strong>complures</strong></span> <span class='ocrx_word' id='word_1_17' title='bbox 740 496 865 540; x_wconf 89' lang='lat' dir='ltr'><strong>menses</strong></span> <span class='ocrx_word' id='word_1_18' title='bbox 879 475 914 538; x_wconf 94' lang='lat' dir='ltr'><strong>in</strong></span> <span class='ocrx_word' id='word_1_19' title='bbox 929 473 1095 539; x_wconf 78' lang='lat' dir='ltr'><strong>obsidione</strong></span> 
     </span>
     <span class='ocr_line' id='line_1_4' title="bbox 133 557 1124 642; baseline 0 -22"><span class='ocrx_word' id='word_1_20' title='bbox 133 557 256 641; x_wconf 79' lang='lat' dir='ltr'><strong>fuisset,</strong></span> <span class='ocrx_word' id='word_1_21' title='bbox 278 579 315 622; x_wconf 88' lang='lat' dir='ltr'><strong>ac</strong></span> <span class='ocrx_word' id='word_1_22' title='bbox 337 559 365 622; x_wconf 92' lang='lat' dir='ltr'><strong>si</strong></span> <span class='ocrx_word' id='word_1_23' title='bbox 386 559 421 623; x_wconf 92' lang='lat' dir='ltr'><strong>in</strong></span> <span class='ocrx_word' id='word_1_24' title='bbox 442 558 672 642; x_wconf 86' lang='lat' dir='ltr'><strong>campestribus</strong></span> <span class='ocrx_word' id='word_1_25' title='bbox 694 580 732 624; x_wconf 89' lang='lat' dir='ltr'><strong>ea</strong></span> <span class='ocrx_word' id='word_1_26' title='bbox 752 559 831 624; x_wconf 91' lang='lat' dir='ltr'><strong>locis</strong></span> <span class='ocrx_word' id='word_1_27' title='bbox 851 558 1022 622; x_wconf 82' lang='lat' dir='ltr'><strong>habuisset</strong></span> <span class='ocrx_word' id='word_1_28' title='bbox 1059 557 1124 622; x_wconf 74' lang='lat' dir='ltr'><strong>int</strong></span> 
     </span>
     <span class='ocr_line' id='line_1_5' title="bbox 134 641 1097 740; baseline 0.002 -36"><span class='ocrx_word' id='word_1_29' title='bbox 134 641 194 706; x_wconf 91' lang='lat' dir='ltr'><strong>hac</strong></span> <span class='ocrx_word' id='word_1_30' title='bbox 216 641 437 726; x_wconf 79' lang='lat' dir='ltr'><strong>conclusione,</strong></span> <span class='ocrx_word' id='word_1_31' title='bbox 461 642 745 740; x_wconf 74' lang='lat' dir='ltr'><strong>quotienscumque</strong></span> <span class='ocrx_word' id='word_1_32' title='bbox 768 643 885 725; x_wconf 83' lang='lat' dir='ltr'><strong>voluit,</strong></span> <span class='ocrx_word' id='word_1_33' title='bbox 908 645 1097 726; x_wconf 76' lang='lat' dir='ltr'><strong>apparatum</strong></span> 
     </span>
     <span class='ocr_line' id='line_1_6' title="bbox 135 724 1095 812; baseline 0.001 -24"><span class='ocrx_word' id='word_1_34' title='bbox 135 727 168 790; x_wconf 90' lang='lat' dir='ltr'><strong>et</strong></span> <span class='ocrx_word' id='word_1_35' title='bbox 187 724 385 791; x_wconf 88' lang='lat' dir='ltr'><strong>munitiones</strong></span> <span class='ocrx_word' id='word_1_36' title='bbox 407 726 566 812; x_wconf 84' lang='lat' dir='ltr'><strong>Ant1goni</strong></span> <span class='ocrx_word' id='word_1_37' title='bbox 588 726 666 790; x_wconf 88' lang='lat' dir='ltr'><strong>alias</strong></span> <span class='ocrx_word' id='word_1_38' title='bbox 688 725 840 808; x_wconf 74' lang='lat' dir='ltr'><strong>moendit</strong></span> <span class='ocrx_word' id='word_1_39' title='bbox 863 725 941 790; x_wconf 81' lang='lat' dir='ltr'><strong>elias</strong></span> <span class='ocrx_word' id='word_1_40' title='bbox 963 725 1095 790; x_wconf 90' lang='lat' dir='ltr'><strong>disiecit.</strong></span> 
     </span>
     <span class='ocr_line' id='line_1_7' title="bbox 133 806 1097 895; baseline 0 -23"><span class='ocrx_word' id='word_1_41' title='bbox 133 809 240 874; x_wconf 87' lang='lat' dir='ltr'><strong>tenuit</strong></span> <span class='ocrx_word' id='word_1_42' title='bbox 260 812 366 874; x_wconf 88' lang='lat' dir='ltr'><strong>autem</strong></span> <span class='ocrx_word' id='word_1_43' title='bbox 387 830 421 874; x_wconf 89' lang='lat' dir='ltr'><strong>se</strong></span> <span class='ocrx_word' id='word_1_44' title='bbox 438 831 503 875; x_wconf 87' lang='lat' dir='ltr'><strong>ano</strong></span> <span class='ocrx_word' id='word_1_45' title='bbox 523 811 606 895; x_wconf 90' lang='lat' dir='ltr'><strong>loco,</strong></span> <span class='ocrx_word' id='word_1_46' title='bbox 628 809 780 894; x_wconf 84' lang='lat' dir='ltr'><strong>quamdiu</strong></span> <span class='ocrx_word' id='word_1_47' title='bbox 793 809 896 874; x_wconf 88' lang='lat' dir='ltr'><strong>hiems</strong></span> <span class='ocrx_word' id='word_1_48' title='bbox 917 809 988 893; x_wconf 87' lang='lat' dir='ltr'><strong>fuit,</strong></span> <span class='ocrx_word' id='word_1_49' title='bbox 1011 806 1097 892; x_wconf 91' lang='lat' dir='ltr'><strong>quod</strong></span> 
     </span>
     <span class='ocr_line' id='line_1_8' title="bbox 133 892 1097 990; baseline -0.002 -32"><span class='ocrx_word' id='word_1_50' title='bbox 133 896 238 958; x_wconf 85' lang='lat' dir='ltr'><strong>castra</strong></span> <span class='ocrx_word' id='word_1_51' title='bbox 259 894 318 957; x_wconf 89' lang='lat' dir='ltr'><strong>sub</strong></span> <span class='ocrx_word' id='word_1_52' title='bbox 340 892 414 958; x_wconf 83' lang='lat' dir='ltr'><strong>divo</strong></span> <span class='ocrx_word' id='word_1_53' title='bbox 436 893 553 959; x_wconf 87' lang='lat' dir='ltr'><strong>habere</strong></span> <span class='ocrx_word' id='word_1_54' title='bbox 574 915 642 958; x_wconf 92' lang='lat' dir='ltr'><strong>non</strong></span> <span class='ocrx_word' id='word_1_55' title='bbox 664 897 799 978; x_wconf 80' lang='lat' dir='ltr'><strong>poterat.</strong></span> <span class='ocrx_word' id='word_1_56' title='bbox 843 914 899 958; x_wconf 88' lang='lat' dir='ltr'><strong>ver</strong></span> <span class='ocrx_word' id='word_1_57' title='bbox 926 893 1097 990; x_wconf 84' lang='lat' dir='ltr'><strong>appropin-</strong></span> 
     </span>
     <span class='ocr_line' id='line_1_9' title="bbox 134 975 1097 1061; baseline 0.002 -22"><span class='ocrx_word' id='word_1_58' title='bbox 134 975 268 1059; x_wconf 80' lang='lat' dir='ltr'><strong>quabat:</strong></span> <span class='ocrx_word' id='word_1_59' title='bbox 301 975 449 1041; x_wconf 85' lang='lat' dir='ltr'><strong>simulata</strong></span> <span class='ocrx_word' id='word_1_60' title='bbox 475 977 651 1061; x_wconf 89' lang='lat' dir='ltr'><strong>deditione,</strong></span> <span class='ocrx_word' id='word_1_61' title='bbox 687 977 761 1043; x_wconf 90' lang='lat' dir='ltr'><strong>dum</strong></span> <span class='ocrx_word' id='word_1_62' title='bbox 790 979 829 1042; x_wconf 91' lang='lat' dir='ltr'><strong>de</strong></span> <span class='ocrx_word' id='word_1_63' title='bbox 855 977 1097 1042; x_wconf 85' lang='lat' dir='ltr'><strong>condiorombus</strong></span> 
     </span>
     <span class='ocr_line' id='line_1_10' title="bbox 133 1060 1097 1146; baseline 0.003 -23"><span class='ocrx_word' id='word_1_64' title='bbox 133 1062 263 1146; x_wconf 85' lang='lat' dir='ltr'><strong>tractat,</strong></span> <span class='ocrx_word' id='word_1_65' title='bbox 290 1060 460 1144; x_wconf 87' lang='lat' dir='ltr'><strong>praefectis</strong></span> <span class='ocrx_word' id='word_1_66' title='bbox 481 1061 644 1146; x_wconf 76' lang='lat' dir='ltr'><strong>Antigoni</strong></span> <span class='ocrx_word' id='word_1_67' title='bbox 666 1062 819 1145; x_wconf 78' lang='lat' dir='ltr'><strong>imposuit</strong></span> <span class='ocrx_word' id='word_1_68' title='bbox 845 1082 942 1145; x_wconf 88' lang='lat' dir='ltr'><strong>seque</strong></span> <span class='ocrx_word' id='word_1_69' title='bbox 964 1081 1000 1126; x_wconf 87' lang='lat' dir='ltr'><strong>ac</strong></span> <span class='ocrx_word' id='word_1_70' title='bbox 1022 1081 1097 1126; x_wconf 86' lang='lat' dir='ltr'><strong>suos</strong></span> 
     </span>
     <span class='ocr_line' id='line_1_11' title="bbox 134 1145 608 1211; baseline 0.002 -3"><span class='ocrx_word' id='word_1_71' title='bbox 134 1165 245 1208; x_wconf 90' lang='lat' dir='ltr'><strong>omnes</strong></span> <span class='ocrx_word' id='word_1_72' title='bbox 267 1145 404 1209; x_wconf 89' lang='lat' dir='ltr'><strong>extraxit</strong></span> <span class='ocrx_word' id='word_1_73' title='bbox 423 1145 608 1211; x_wconf 87' lang='lat' dir='ltr'><strong>incolumes.</strong></span> 
     </span>
    </p>

    <p class='ocr_par' dir='ltr' id='par_1_3' title="bbox 91 1227 1138 1566">
     <span class='ocr_line' id='line_1_12' title="bbox 91 1227 1133 1314; baseline -0.001 -22"><span class='ocrx_word' id='word_1_74' title='bbox 91 1239 94 1243; x_wconf 82' lang='lat'>&#39;</span> <span class='ocrx_word' id='word_1_75' title='bbox 218 1228 270 1292; x_wconf 87' lang='lat' dir='ltr'><strong>Ad</strong></span> <span class='ocrx_word' id='word_1_76' title='bbox 285 1229 371 1294; x_wconf 89' lang='lat' dir='ltr'><strong>hunc</strong></span> <span class='ocrx_word' id='word_1_77' title='bbox 387 1227 561 1314; x_wconf 86' lang='lat' dir='ltr'><strong>Olympias,</strong></span> <span class='ocrx_word' id='word_1_78' title='bbox 583 1234 685 1295; x_wconf 87' lang='lat' dir='ltr'><strong>mater</strong></span> <span class='ocrx_word' id='word_1_79' title='bbox 699 1250 780 1314; x_wconf 83' lang='lat' dir='ltr'><strong>quse</strong></span> <span class='ocrx_word' id='word_1_80' title='bbox 795 1230 900 1295; x_wconf 82' lang='lat' dir='ltr'><strong>fuerat</strong></span> <span class='ocrx_word' id='word_1_81' title='bbox 913 1227 1098 1310; x_wconf 79' lang='lat' dir='ltr'><strong>Alexandri,</strong></span> <span class='ocrx_word' id='word_1_82' title='bbox 1113 1227 1133 1291; x_wconf 88' lang='lat'>6</span> 
     </span>
     <span class='ocr_line' id='line_1_13' title="bbox 134 1311 1097 1378; baseline -0.002 -1"><span class='ocrx_word' id='word_1_83' title='bbox 134 1333 208 1377; x_wconf 85' lang='lat' dir='ltr'><strong>eum</strong></span> <span class='ocrx_word' id='word_1_84' title='bbox 224 1312 358 1378; x_wconf 87' lang='lat' dir='ltr'><strong>&#39;litteras</strong></span> <span class='ocrx_word' id='word_1_85' title='bbox 388 1316 421 1378; x_wconf 89' lang='lat' dir='ltr'><strong>ct</strong></span> <span class='ocrx_word' id='word_1_86' title='bbox 452 1313 583 1378; x_wconf 85' lang='lat' dir='ltr'><strong>nuntios</strong></span> <span class='ocrx_word' id='word_1_87' title='bbox 611 1314 750 1378; x_wconf 87' lang='lat' dir='ltr'><strong>misisset</strong></span> <span class='ocrx_word' id='word_1_88' title='bbox 775 1314 811 1378; x_wconf 90' lang='lat' dir='ltr'><strong>in</strong></span> <span class='ocrx_word' id='word_1_89' title='bbox 839 1313 951 1377; x_wconf 83' lang='lat' dir='ltr'><strong>Asiam</strong></span> <span class='ocrx_word' id='word_1_90' title='bbox 973 1311 1097 1376; x_wconf 89' lang='lat' dir='ltr'><strong>consul·</strong></span> 
     </span>
     <span class='ocr_line' id='line_1_14' title="bbox 133 1395 1138 1482; baseline 0 -22"><span class='ocrx_word' id='word_1_91' title='bbox 133 1401 217 1481; x_wconf 90' lang='lat' dir='ltr'><strong>tum,</strong></span> <span class='ocrx_word' id='word_1_92' title='bbox 244 1400 358 1462; x_wconf 86' lang='lat' dir='ltr'><strong>&#39;utrum</strong></span> <span class='ocrx_word' id='word_1_93' title='bbox 391 1417 527 1482; x_wconf 79' lang='lat' dir='ltr'><strong>regnum</strong></span> <span class='ocrx_word' id='word_1_94' title='bbox 548 1399 719 1482; x_wconf 88' lang='lat' dir='ltr'><strong>repetitum</strong></span> <span class='ocrx_word' id='word_1_95' title='bbox 746 1397 782 1460; x_wconf 91' lang='lat' dir='ltr'><strong>in</strong></span> <span class='ocrx_word' id='word_1_96' title='bbox 803 1395 1024 1462; x_wconf 81' lang='lat' dir='ltr'><strong>Macedoniam</strong></span> <span class='ocrx_word' id='word_1_97' title='bbox 1045 1416 1096 1460; x_wconf 88' lang='lat' dir='ltr'><strong>ve·</strong></span> <span class='ocrx_word' id='word_1_98' title='bbox 1135 1443 1138 1452; x_wconf 87' lang='lat'><em>.</em></span> 
     </span>
     <span class='ocr_line' id='line_1_15' title="bbox 133 1481 1097 1566; baseline 0 -22"><span class='ocrx_word' id='word_1_99' title='bbox 133 1481 220 1544; x_wconf 88' lang='lat' dir='ltr'><strong>niret</strong></span> <span class='ocrx_word' id='word_1_100' title='bbox 241 1481 330 1564; x_wconf 86' lang='lat' dir='ltr'><strong>(nam</strong></span> <span class='ocrx_word' id='word_1_101' title='bbox 351 1484 421 1546; x_wconf 89' lang='lat' dir='ltr'><strong>tum</strong></span> <span class='ocrx_word' id='word_1_102' title='bbox 443 1483 478 1547; x_wconf 91' lang='lat' dir='ltr'><strong>in</strong></span> <span class='ocrx_word' id='word_1_103' title='bbox 492 1481 592 1565; x_wconf 84' lang='lat' dir='ltr'><strong>Epiro</strong></span> <span class='ocrx_word' id='word_1_104' title='bbox 607 1481 786 1566; x_wconf 73' lang='lat' dir='ltr'><strong>habitabat)</strong></span> <span class='ocrx_word' id='word_1_105' title='bbox 808 1484 841 1545; x_wconf 92' lang='lat' dir='ltr'><strong>et</strong></span> <span class='ocrx_word' id='word_1_106' title='bbox 862 1502 914 1546; x_wconf 86' lang='lat' dir='ltr'><strong>eas</strong></span> <span class='ocrx_word' id='word_1_107' title='bbox 936 1501 987 1544; x_wconf 87' lang='lat' dir='ltr'><strong>res</strong></span> <span class='ocrx_word' id='word_1_108' title='bbox 1006 1500 1097 1559; x_wconf 87' lang='lat' dir='ltr'><strong>occu·</strong></span> 
     </span>
    </p>

    <p class='ocr_par' dir='ltr' id='par_1_4' title="bbox 9 1564 1127 1712">
     <span class='ocr_line' id='line_1_16' title="bbox 9 1564 1127 1712; baseline -0.002 -84"><span class='ocrx_word' id='word_1_109' title='bbox 9 1589 10 1606; x_wconf 56' lang='lat'>¹</span> <span class='ocrx_word' id='word_1_110' title='bbox 94 1571 99 1580; x_wconf 89' lang='lat'>&#39;</span> <span class='ocrx_word' id='word_1_111' title='bbox 133 1567 242 1648; x_wconf 87' lang='lat' dir='ltr'><strong>paret,</strong></span> <span class='ocrx_word' id='word_1_112' title='bbox 266 1565 346 1640; x_wconf 23' lang='lat' dir='ltr'><strong>,hiric</strong></span> <span class='ocrx_word' id='word_1_113' title='bbox 373 1565 428 1630; x_wconf 91' lang='lat' dir='ltr'><strong>ille</strong></span> <span class='ocrx_word' id='word_1_114' title='bbox 450 1567 594 1712; x_wconf 75' lang='lat' dir='ltr'><strong>primum</strong></span> <span class='ocrx_word' id='word_1_115' title='bbox 620 1564 734 1662; x_wconf 78' lang='lat' dir='ltr'><strong>suasit,</strong></span> <span class='ocrx_word' id='word_1_116' title='bbox 764 1583 806 1628; x_wconf 89' lang='lat' dir='ltr'><strong>ne</strong></span> <span class='ocrx_word' id='word_1_117' title='bbox 834 1583 868 1628; x_wconf 87' lang='lat' dir='ltr'><strong>se</strong></span> <span class='ocrx_word' id='word_1_118' title='bbox 894 1567 1039 1628; x_wconf 84' lang='lat' dir='ltr'><strong>moveret</strong></span> <span class='ocrx_word' id='word_1_119' title='bbox 1064 1566 1127 1627; x_wconf 72' lang='lat' dir='ltr'><strong>stt</strong></span> 
     </span>
    </p>
   </div>
   <div class='ocr_carea' id='block_1_3' title="bbox 9 1633 1097 1734">
    <p class='ocr_par' dir='ltr' id='par_1_5' title="bbox 9 1633 1097 1734">
     <span class='ocr_line' id='line_1_17' title="bbox 9 1633 1097 1734; baseline -0.002 -22"><span class='ocrx_word' id='word_1_120' title='bbox 9 1633 10 1680; x_wconf 67' lang='lat'>3</span> <span class='ocrx_word' id='word_1_121' title='bbox 135 1652 341 1734; x_wconf 85' lang='lat' dir='ltr'><strong>exspectaret,</strong></span> <span class='ocrx_word' id='word_1_122' title='bbox 365 1669 450 1733; x_wconf 83' lang='lat' dir='ltr'><strong>quoa</strong></span> <span class='ocrx_word' id='word_1_123' title='bbox 492 1647 668 1714; x_wconf 75' lang='lat' dir='ltr'><strong>Alexandri</strong></span> <span class='ocrx_word' id='word_1_124' title='bbox 689 1647 774 1713; x_wconf 87' lang='lat' dir='ltr'><strong>fihus</strong></span> <span class='ocrx_word' id='word_1_125' title='bbox 795 1667 930 1732; x_wconf 81' lang='lat' dir='ltr'><strong>regnum</strong></span> <span class='ocrx_word' id='word_1_126' title='bbox 945 1645 1097 1730; x_wconf 84' lang='lat' dir='ltr'><strong>adipisce-</strong></span> 
     </span>
    </p>
   </div>
   <div class='ocr_carea' id='block_1_4' title="bbox 133 1728 1176 3154">
    <p class='ocr_par' dir='ltr' id='par_1_6' title="bbox 133 1728 1176 3154">
     <span class='ocr_line' id='line_1_18' title="bbox 134 1728 1096 1831; baseline -0.003 -35"><span class='ocrx_word' id='word_1_127' title='bbox 134 1736 237 1797; x_wconf 84' lang='lat' dir='ltr'><strong>retur:</strong></span> <span class='ocrx_word' id='word_1_128' title='bbox 260 1734 312 1797; x_wconf 88' lang='lat' dir='ltr'><strong>sin</strong></span> <span class='ocrx_word' id='word_1_129' title='bbox 326 1733 434 1816; x_wconf 85' lang='lat' dir='ltr'><strong>eliqua</strong></span> <span class='ocrx_word' id='word_1_130' title='bbox 448 1732 622 1831; x_wconf 84' lang='lat' dir='ltr'><strong>cupiditate</strong></span> <span class='ocrx_word' id='word_1_131' title='bbox 637 1735 800 1830; x_wconf 85' lang='lat' dir='ltr'><strong>raperetur</strong></span> <span class='ocrx_word' id='word_1_132' title='bbox 817 1731 853 1795; x_wconf 92' lang='lat' dir='ltr'><strong>in</strong></span> <span class='ocrx_word' id='word_1_133' title='bbox 865 1728 1096 1814; x_wconf 79' lang='lat' dir='ltr'><strong>Macedoniam,</strong></span> 
     </span>
     <span class='ocr_line' id='line_1_19' title="bbox 135 1815 1097 1882; baseline -0.003 -2"><span class='ocrx_word' id='word_1_134' title='bbox 135 1816 377 1882; x_wconf 79' lang='lat' dir='ltr'><strong>oblivisceretur</strong></span> <span class='ocrx_word' id='word_1_135' title='bbox 409 1838 554 1882; x_wconf 78' lang='lat' dir='ltr'><strong>omnium</strong></span> <span class='ocrx_word' id='word_1_136' title='bbox 584 1816 775 1880; x_wconf 76' lang='lat' dir='ltr'><strong>iniuriarum</strong></span> <span class='ocrx_word' id='word_1_137' title='bbox 806 1818 839 1880; x_wconf 90' lang='lat' dir='ltr'><strong>et</strong></span> <span class='ocrx_word' id='word_1_138' title='bbox 870 1815 905 1880; x_wconf 92' lang='lat' dir='ltr'><strong>in</strong></span> <span class='ocrx_word' id='word_1_139' title='bbox 935 1815 1097 1880; x_wconf 87' lang='lat' dir='ltr'><strong>neminem</strong></span> 
     </span>
     <span class='ocr_line' id='line_1_20' title="bbox 135 1897 1126 1983; baseline -0.004 -20"><span class='ocrx_word' id='word_1_140' title='bbox 135 1899 297 1964; x_wconf 85' lang='lat' dir='ltr'><strong>acerbiore</strong></span> <span class='ocrx_word' id='word_1_141' title='bbox 329 1903 472 1965; x_wconf 86' lang='lat' dir='ltr'><strong>uteretur</strong></span> <span class='ocrx_word' id='word_1_142' title='bbox 497 1901 642 1983; x_wconf 88' lang='lat' dir='ltr'><strong>imperio.</strong></span> <span class='ocrx_word' id='word_1_143' title='bbox 685 1901 801 1964; x_wconf 92' lang='lat' dir='ltr'><strong>horum</strong></span> <span class='ocrx_word' id='word_1_144' title='bbox 822 1899 879 1963; x_wconf 87' lang='lat' dir='ltr'><strong>illa</strong></span> <span class='ocrx_word' id='word_1_145' title='bbox 898 1898 982 1962; x_wconf 91' lang='lat' dir='ltr'><strong>nihil</strong></span> <span class='ocrx_word' id='word_1_146' title='bbox 1003 1897 1126 1962; x_wconf 81' lang='lat' dir='ltr'><strong>fecit:s</strong></span> 
     </span>
     <span class='ocr_line' id='line_1_21' title="bbox 133 1981 1097 2066; baseline -0.002 -20"><span class='ocrx_word' id='word_1_147' title='bbox 133 2003 210 2046; x_wconf 89' lang='lat' dir='ltr'><strong>nam</strong></span> <span class='ocrx_word' id='word_1_148' title='bbox 239 1985 272 2046; x_wconf 90' lang='lat' dir='ltr'><strong>et</strong></span> <span class='ocrx_word' id='word_1_149' title='bbox 292 1982 327 2046; x_wconf 91' lang='lat' dir='ltr'><strong>in</strong></span> <span class='ocrx_word' id='word_1_150' title='bbox 348 1981 568 2048; x_wconf 89' lang='lat' dir='ltr'><strong>Macedoniam</strong></span> <span class='ocrx_word' id='word_1_151' title='bbox 590 1981 735 2066; x_wconf 82' lang='lat' dir='ltr'><strong>profecta</strong></span> <span class='ocrx_word' id='word_1_152' title='bbox 755 1985 805 2047; x_wconf 92' lang='lat' dir='ltr'><strong>est</strong></span> <span class='ocrx_word' id='word_1_153' title='bbox 828 1986 861 2046; x_wconf 89' lang='lat' dir='ltr'><strong>et</strong></span> <span class='ocrx_word' id='word_1_154' title='bbox 881 1981 927 2046; x_wconf 90' lang='lat' dir='ltr'><strong>ibi</strong></span> <span class='ocrx_word' id='word_1_155' title='bbox 947 1981 1097 2046; x_wconf 88' lang='lat' dir='ltr'><strong>crudelis-</strong></span> 
     </span>
     <span class='ocr_line' id='line_1_22' title="bbox 134 2064 1097 2151; baseline -0.002 -21"><span class='ocrx_word' id='word_1_156' title='bbox 134 2067 214 2131; x_wconf 85' lang='lat' dir='ltr'><strong>sime</strong></span> <span class='ocrx_word' id='word_1_157' title='bbox 236 2085 270 2130; x_wconf 89' lang='lat' dir='ltr'><strong>se</strong></span> <span class='ocrx_word' id='word_1_158' title='bbox 292 2066 399 2150; x_wconf 80' lang='lat' dir='ltr'><strong>gessit.</strong></span> <span class='ocrx_word' id='word_1_159' title='bbox 435 2066 531 2151; x_wconf 90' lang='lat' dir='ltr'><strong>petiit</strong></span> <span class='ocrx_word' id='word_1_160' title='bbox 552 2069 659 2130; x_wconf 91' lang='lat' dir='ltr'><strong>autem</strong></span> <span class='ocrx_word' id='word_1_161' title='bbox 680 2068 720 2131; x_wconf 92' lang='lat' dir='ltr'><strong>ab</strong></span> <span class='ocrx_word' id='word_1_162' title='bbox 734 2064 879 2130; x_wconf 84' lang='lat' dir='ltr'><strong>Ilumene</strong></span> <span class='ocrx_word' id='word_1_163' title='bbox 893 2065 1033 2147; x_wconf 89' lang='lat' dir='ltr'><strong>absente,</strong></span> <span class='ocrx_word' id='word_1_164' title='bbox 1055 2084 1097 2128; x_wconf 89' lang='lat' dir='ltr'><strong>ne</strong></span> 
     </span>
     <span class='ocr_line' id='line_1_23' title="bbox 133 2148 1098 2235; baseline -0.003 -21"><span class='ocrx_word' id='word_1_165' title='bbox 133 2152 299 2234; x_wconf 87' lang='lat' dir='ltr'><strong>pateretur</strong></span> <span class='ocrx_word' id='word_1_166' title='bbox 318 2148 463 2235; x_wconf 90' lang='lat' dir='ltr'><strong>Philippi</strong></span> <span class='ocrx_word' id='word_1_167' title='bbox 489 2148 601 2215; x_wconf 88' lang='lat' dir='ltr'><strong>domus</strong></span> <span class='ocrx_word' id='word_1_168' title='bbox 629 2170 666 2214; x_wconf 89' lang='lat' dir='ltr'><strong>ac</strong></span> <span class='ocrx_word' id='word_1_169' title='bbox 692 2149 833 2214; x_wconf 83' lang='lat' dir='ltr'><strong>familiae</strong></span> <span class='ocrx_word' id='word_1_170' title='bbox 860 2148 1098 2214; x_wconf 88' lang='lat' dir='ltr'><strong>inimicissimos</strong></span> 
     </span>
     <span class='ocr_line' id='line_1_24' title="bbox 135 2231 1147 2319; baseline 0 -23"><span class='ocrx_word' id='word_1_171' title='bbox 135 2233 268 2316; x_wconf 78' lang='lat' dir='ltr'><strong>stirpem</strong></span> <span class='ocrx_word' id='word_1_172' title='bbox 298 2254 425 2318; x_wconf 85' lang='lat' dir='ltr'><strong>quoque</strong></span> <span class='ocrx_word' id='word_1_173' title='bbox 456 2234 654 2319; x_wconf 73' lang='lat' dir='ltr'><strong>interimere,</strong></span> <span class='ocrx_word' id='word_1_174' title='bbox 681 2233 842 2316; x_wconf 77' lang='lat' dir='ltr'><strong>ferretque</strong></span> <span class='ocrx_word' id='word_1_175' title='bbox 868 2253 964 2316; x_wconf 87' lang='lat' dir='ltr'><strong>opem</strong></span> <span class='ocrx_word' id='word_1_176' title='bbox 988 2231 1098 2296; x_wconf 85' lang='lat' dir='ltr'><strong>liberis</strong></span> <span class='ocrx_word' id='word_1_177' title='bbox 1144 2311 1147 2318; x_wconf 87' lang='lat'><strong>.</strong></span> 
     </span>
     <span class='ocr_line' id='line_1_25' title="bbox 134 2315 1128 2400; baseline -0.001 -19"><span class='ocrx_word' id='word_1_178' title='bbox 134 2317 318 2382; x_wconf 80' lang='lat' dir='ltr'><strong>Alexandri.</strong></span> <span class='ocrx_word' id='word_1_179' title='bbox 369 2338 466 2400; x_wconf 88' lang='lat' dir='ltr'><strong>quam</strong></span> <span class='ocrx_word' id='word_1_180' title='bbox 493 2318 620 2383; x_wconf 87' lang='lat' dir='ltr'><strong>veniam</strong></span> <span class='ocrx_word' id='word_1_181' title='bbox 645 2317 672 2382; x_wconf 92' lang='lat' dir='ltr'><strong>si</strong></span> <span class='ocrx_word' id='word_1_182' title='bbox 700 2315 803 2398; x_wconf 78' lang='lat' dir='ltr'><strong>daret,</strong></span> <span class='ocrx_word' id='word_1_183' title='bbox 837 2316 1128 2400; x_wconf 70' lang='lat' dir='ltr'><strong>quamprimum</strong></span> 
     </span>
     <span class='ocr_line' id='line_1_26' title="bbox 135 2398 1098 2498; baseline -0.002 -35"><span class='ocrx_word' id='word_1_184' title='bbox 135 2400 462 2497; x_wconf 63' lang='lat' dir='ltr'><strong>exercituspararet,</strong></span> <span class='ocrx_word' id='word_1_185' title='bbox 489 2421 578 2485; x_wconf 84' lang='lat' dir='ltr'><strong>quos·</strong></span> <span class='ocrx_word' id='word_1_186' title='bbox 591 2400 653 2465; x_wconf 87' lang='lat' dir='ltr'><strong>sibi</strong></span> <span class='ocrx_word' id='word_1_187' title='bbox 671 2399 815 2498; x_wconf 76' lang='lat' dir='ltr'><strong>subsidio</strong></span> <span class='ocrx_word' id='word_1_188' title='bbox 843 2398 1034 2496; x_wconf 40' lang='lat' dir='ltr'><strong>adduceret..</strong></span> <span class='ocrx_word' id='word_1_189' title='bbox 1064 2398 1098 2495; x_wconf 75' lang='lat' dir='ltr'><strong>id</strong></span> 
     </span>
     <span class='ocr_line' id='line_1_27' title="bbox 136 2481 1098 2652; baseline -0.004 -20"><span class='ocrx_word' id='word_1_190' title='bbox 136 2481 1098 2652; x_wconf 49' lang='lat' dir='ltr'><strong>tretilius?rtrsfftttssffllt’putet</strong></span> 
     </span>
     <span class='ocr_line' id='line_1_28' title="bbox 135 2648 1128 2734; baseline -0.003 -20"><span class='ocrx_word' id='word_1_191' title='bbox 135 2652 266 2734; x_wconf 88' lang='lat' dir='ltr'><strong>eiusque</strong></span> <span class='ocrx_word' id='word_1_192' title='bbox 287 2650 430 2716; x_wconf 85' lang='lat' dir='ltr'><strong>consiliis</strong></span> <span class='ocrx_word' id='word_1_193' title='bbox 451 2653 626 2716; x_wconf 81' lang='lat' dir='ltr'><strong>uterentur.</strong></span> <span class='ocrx_word' id='word_1_194' title='bbox 662 2651 713 2714; x_wconf 90' lang='lat' dir='ltr'><strong>his</strong></span> <span class='ocrx_word' id='word_1_195' title='bbox 734 2650 829 2714; x_wconf 90' lang='lat' dir='ltr'><strong>rebus</strong></span> <span class='ocrx_word' id='word_1_196' title='bbox 845 2648 1006 2714; x_wconf 77' lang='lat' dir='ltr'><strong>Eumenes</strong></span> <span class='ocrx_word' id='word_1_197' title='bbox 1026 2660 1128 2732; x_wconf 72' lang='lat' dir='ltr'><strong>per-t</strong></span> 
     </span>
     <span class='ocr_line' id='line_1_29' title="bbox 135 2732 1176 2822; baseline -0.004 -22"><span class='ocrx_word' id='word_1_198' title='bbox 135 2738 241 2800; x_wconf 86' lang='lat' dir='ltr'><strong>motus</strong></span> <span class='ocrx_word' id='word_1_199' title='bbox 273 2735 372 2800; x_wconf 82' lang='lat' dir='ltr'><strong>sotius</strong></span> <span class='ocrx_word' id='word_1_200' title='bbox 406 2734 511 2818; x_wconf 87' lang='lat' dir='ltr'><strong>duxit,</strong></span> <span class='ocrx_word' id='word_1_201' title='bbox 545 2735 573 2799; x_wconf 93' lang='lat' dir='ltr'><strong>si</strong></span> <span class='ocrx_word' id='word_1_202' title='bbox 594 2735 640 2799; x_wconf 84' lang='lat' dir='ltr'><strong>its</strong></span> <span class='ocrx_word' id='word_1_203' title='bbox 665 2733 791 2798; x_wconf 88' lang='lat' dir='ltr'><strong>tulisset</strong></span> <span class='ocrx_word' id='word_1_204' title='bbox 821 2732 965 2816; x_wconf 81' lang='lat' dir='ltr'><strong>fortuna,</strong></span> <span class='ocrx_word' id='word_1_205' title='bbox 992 2732 1097 2816; x_wconf 88' lang='lat' dir='ltr'><strong>perire</strong></span> <span class='ocrx_word' id='word_1_206' title='bbox 1167 2811 1176 2822; x_wconf 71' lang='lat'><em>,</em></span> 
     </span>
     <span class='ocr_line' id='line_1_30' title="bbox 137 2817 1097 2915; baseline 0 -33"><span class='ocrx_word' id='word_1_207' title='bbox 137 2821 217 2915; x_wconf 79' lang='lat' dir='ltr'><strong>bene</strong></span> <span class='ocrx_word' id='word_1_208' title='bbox 253 2819 376 2884; x_wconf 85' lang='lat' dir='ltr'><strong>meritis</strong></span> <span class='ocrx_word' id='word_1_209' title='bbox 413 2818 605 2884; x_wconf 84' lang='lat' dir='ltr'><strong>referentem</strong></span> <span class='ocrx_word' id='word_1_210' title='bbox 636 2817 772 2902; x_wconf 82' lang='lat' dir='ltr'><strong>gratiam</strong></span> <span class='ocrx_word' id='word_1_211' title='bbox 806 2837 902 2900; x_wconf 86' lang='lat' dir='ltr'><strong>quam</strong></span> <span class='ocrx_word' id='word_1_212' title='bbox 933 2817 1097 2902; x_wconf 81' lang='lat' dir='ltr'><strong>ingratum</strong></span> 
     </span>
     <span class='ocr_line' id='line_1_31' title="bbox 135 2922 1132 3072; baseline -0.001 -23"><span class='ocrx_word' id='word_1_213' title='bbox 135 2922 332 3070; x_wconf 62' lang='lat' dir='ltr'><strong>Vlverletoque</strong></span> <span class='ocrx_word' id='word_1_214' title='bbox 353 2989 462 3072; x_wconf 87' lang='lat' dir='ltr'><strong>copias</strong></span> <span class='ocrx_word' id='word_1_215' title='bbox 484 2987 659 3071; x_wconf 82' lang='lat' dir='ltr'><strong>contraxit,</strong></span> <span class='ocrx_word' id='word_1_216' title='bbox 682 2985 802 3050; x_wconf 90' lang='lat' dir='ltr'><strong>bellum</strong></span> <span class='ocrx_word' id='word_1_217' title='bbox 829 2985 980 3050; x_wconf 82' lang='lat' dir='ltr'><strong>adversus</strong></span> <span class='ocrx_word' id='word_1_218' title='bbox 1004 2985 1132 3049; x_wconf 78' lang='lat' dir='ltr'><strong>Anti-l</strong></span> 
     </span>
     <span class='ocr_line' id='line_1_32' title="bbox 134 3067 1098 3154; baseline 0.001 -22"><span class='ocrx_word' id='word_1_219' title='bbox 134 3089 258 3154; x_wconf 75' lang='lat' dir='ltr'><strong>gonum</strong></span> <span class='ocrx_word' id='word_1_220' title='bbox 272 3089 343 3134; x_wconf 91' lang='lat' dir='ltr'><strong>com</strong></span> <span class='ocrx_word' id='word_1_221' title='bbox 366 3071 477 3136; x_wconf 86' lang='lat' dir='ltr'><strong>aravit.</strong></span> <span class='ocrx_word' id='word_1_222' title='bbox 513 3069 600 3154; x_wconf 91' lang='lat' dir='ltr'><strong>quod</strong></span> <span class='ocrx_word' id='word_1_223' title='bbox 614 3091 680 3134; x_wconf 89' lang='lat' dir='ltr'><strong>una</strong></span> <span class='ocrx_word' id='word_1_224' title='bbox 694 3071 787 3134; x_wconf 91' lang='lat' dir='ltr'><strong>erant</strong></span> <span class='ocrx_word' id='word_1_225' title='bbox 800 3067 990 3134; x_wconf 84' lang='lat' dir='ltr'><strong>Macedones</strong></span> <span class='ocrx_word' id='word_1_226' title='bbox 1013 3088 1098 3133; x_wconf 89' lang='lat' dir='ltr'><strong>com·</strong></span> 
     </span>
    </p>
   </div>
   <div class='ocr_carea' id='block_1_5' title="bbox 133 3151 1099 3320">
    <p class='ocr_par' dir='ltr' id='par_1_7' title="bbox 133 3151 1099 3320">
     <span class='ocr_line' id='line_1_33' title="bbox 157 3151 1098 3236; baseline 0 -19"><span class='ocrx_word' id='word_1_227' title='bbox 157 3153 242 3217; x_wconf 85' lang='lat' dir='ltr'><strong>lares</strong></span> <span class='ocrx_word' id='word_1_228' title='bbox 263 3154 339 3218; x_wconf 84' lang='lat' dir='ltr'><strong>nob&#39;</strong></span> <span class='ocrx_word' id='word_1_229' title='bbox 355 3174 388 3217; x_wconf 91' lang='lat' dir='ltr'><strong>es</strong></span> <span class='ocrx_word' id='word_1_230' title='bbox 409 3156 462 3218; x_wconf 69' lang='lat' dir='ltr'><strong>‹in</strong></span> <span class='ocrx_word' id='word_1_231' title='bbox 482 3154 522 3220; x_wconf 87' lang='lat' dir='ltr'><strong>iis</strong></span> <span class='ocrx_word' id='word_1_232' title='bbox 543 3154 727 3236; x_wconf 88' lang='lat' dir='ltr'><strong>Peucestes,</strong></span> <span class='ocrx_word' id='word_1_233' title='bbox 749 3153 805 3235; x_wconf 93' lang='lat' dir='ltr'><strong>qui</strong></span> <span class='ocrx_word' id='word_1_234' title='bbox 826 3151 969 3235; x_wconf 89' lang='lat' dir='ltr'><strong>corporis</strong></span> <span class='ocrx_word' id='word_1_235' title='bbox 991 3157 1098 3218; x_wconf 88' lang='lat' dir='ltr'><strong>custos</strong></span> 
     </span>
     <span class='ocr_line' id='line_1_34' title="bbox 133 3175 1099 3320; baseline 0 -20"><span class='ocrx_word' id='word_1_236' title='bbox 133 3175 241 3301; x_wconf 73' lang='lat' dir='ltr'><strong>iuerat</strong></span> <span class='ocrx_word' id='word_1_237' title='bbox 254 3203 439 3320; x_wconf 85' lang='lat' dir='ltr'><strong>Alexandri,</strong></span> <span class='ocrx_word' id='word_1_238' title='bbox 460 3241 655 3303; x_wconf 83' lang='lat' dir='ltr'><strong>tumentem</strong></span> <span class='ocrx_word' id='word_1_239' title='bbox 677 3237 843 3302; x_wconf 90' lang='lat' dir='ltr'><strong>obtinebat</strong></span> <span class='ocrx_word' id='word_1_240' title='bbox 863 3235 1042 3319; x_wconf 84' lang='lat' dir='ltr'><strong>Persidem,</strong></span> <span class='ocrx_word' id='word_1_241' title='bbox 1065 3238 1099 3300; x_wconf 87' lang='lat' dir='ltr'><strong>et</strong></span> 
     </span>
    </p>
   </div>
   <div class='ocr_carea' id='block_1_6' title="bbox 33 3317 1119 3548">
    <p class='ocr_par' dir='ltr' id='par_1_8' title="bbox 33 3317 1119 3548">
     <span class='ocr_line' id='line_1_35' title="bbox 33 3317 1098 3406; baseline -0.003 -21"><span class='ocrx_word' id='word_1_242' title='bbox 33 3319 34 3322; x_wconf 67' lang='grc'>’</span> <span class='ocrx_word' id='word_1_243' title='bbox 134 3321 323 3406; x_wconf 81' lang='lat' dir='ltr'><strong>Antigenes,</strong></span> <span class='ocrx_word' id='word_1_244' title='bbox 350 3321 439 3385; x_wconf 89' lang='lat' dir='ltr'><strong>cuius</strong></span> <span class='ocrx_word' id='word_1_245' title='bbox 461 3321 520 3385; x_wconf 84' lang='lat' dir='ltr'><strong>sub</strong></span> <span class='ocrx_word' id='word_1_246' title='bbox 541 3322 676 3405; x_wconf 87' lang='lat' dir='ltr'><strong>imperio</strong></span> <span class='ocrx_word' id='word_1_247' title='bbox 698 3319 840 3404; x_wconf 85' lang='lat' dir='ltr'><strong>phalanx</strong></span> <span class='ocrx_word' id='word_1_248' title='bbox 862 3322 931 3383; x_wconf 91' lang='lat' dir='ltr'><strong>erat</strong></span> <span class='ocrx_word' id='word_1_249' title='bbox 951 3317 1098 3383; x_wconf 83' lang='lat' dir='ltr'><strong>Macedo·</strong></span> 
     </span>
     <span class='ocr_line' id='line_1_36' title="bbox 127 3402 1119 3548; baseline -0.002 -80"><span class='ocrx_word' id='word_1_250' title='bbox 127 3425 227 3502; x_wconf 88' lang='lat' dir='ltr'><strong>num,</strong></span> <span class='ocrx_word' id='word_1_251' title='bbox 259 3402 414 3468; x_wconf 84' lang='lat' dir='ltr'><strong>invidiam</strong></span> <span class='ocrx_word' id='word_1_252' title='bbox 444 3423 556 3468; x_wconf 87' lang='lat' dir='ltr'><strong>verens</strong></span> <span class='ocrx_word' id='word_1_253' title='bbox 560 3453 572 3548; x_wconf 63' lang='grc' dir='ltr'>Ῐ</span> <span class='ocrx_word' id='word_1_254' title='bbox 601 3424 696 3486; x_wconf 89' lang='lat' dir='ltr'><strong>quam</strong></span> <span class='ocrx_word' id='word_1_255' title='bbox 717 3407 826 3468; x_wconf 89' lang='lat' dir='ltr'><strong>tamen</strong></span> <span class='ocrx_word' id='word_1_256' title='bbox 858 3403 997 3498; x_wconf 77' lang='lat' dir='ltr'><strong>effugere</strong></span> <span class='ocrx_word' id='word_1_257' title='bbox 1028 3413 1119 3466; x_wconf 79' lang='lat' dir='ltr'><strong>non‘</strong></span> 
     </span>
    </p>
   </div>
   <div class='ocr_carea' id='block_1_7' title="bbox 134 3485 1098 3572">
    <p class='ocr_par' dir='ltr' id='par_1_9' title="bbox 134 3485 1098 3572">
     <span class='ocr_line' id='line_1_37' title="bbox 134 3485 1098 3572; baseline 0 -19"><span class='ocrx_word' id='word_1_258' title='bbox 134 3490 250 3572; x_wconf 77' lang='lat' dir='ltr'><strong>potuit,</strong></span> <span class='ocrx_word' id='word_1_259' title='bbox 272 3488 300 3553; x_wconf 88' lang='lat' dir='ltr'><strong>si</strong></span> <span class='ocrx_word' id='word_1_260' title='bbox 320 3487 429 3571; x_wconf 86' lang='lat' dir='ltr'><strong>potius</strong></span> <span class='ocrx_word' id='word_1_261' title='bbox 450 3487 519 3570; x_wconf 89' lang='lat' dir='ltr'><strong>ipse</strong></span> <span class='ocrx_word' id='word_1_262' title='bbox 541 3485 721 3570; x_wconf 87' lang='lat' dir='ltr'><strong>aienigena</strong></span> <span class='ocrx_word' id='word_1_263' title='bbox 736 3485 851 3552; x_wconf 87' lang='lat' dir='ltr'><strong>summi</strong></span> <span class='ocrx_word' id='word_1_264' title='bbox 873 3485 999 3569; x_wconf 88' lang='lat' dir='ltr'><strong>impeni</strong></span> <span class='ocrx_word' id='word_1_265' title='bbox 1014 3485 1098 3570; x_wconf 85' lang='lat' dir='ltr'><strong>poti·</strong></span> 
     </span>
    </p>
   </div>
   <div class='ocr_carea' id='block_1_8' title="bbox 0 0 1308 3940">
    <p class='ocr_par' dir='ltr' id='par_1_10' title="bbox 0 0 1308 3940">
     <span class='ocr_line' id='line_1_38' title="bbox 0 0 1308 3940; baseline 0 0"><span class='ocrx_word' id='word_1_266' title='bbox 0 0 1308 3940; x_wconf 95' lang='lat' dir='ltr'><strong> </strong></span> 
     </span>
    </p>
   </div>
  </div>
 </body>
</html>
