2606 3940
152 285 156 292 -
201 244 244 310 80
492 250 567 307 xm.
604 255 768 306 rsocror.
794 253 817 304 1.
840 252 866 304 r.

200 397 317 462 sunta
362 394 459 478 allati,
483 414 520 456 er
542 392 605 457 hoc
618 390 771 456 facillime
780 391 893 536 potest
912 385 1057 472 iudicari,
1081 389 1169 472 quod

171 491 297 544 enemo
357 497 470 543 umens
501 477 575 541 vivo
602 496 659 540 rer
685 473 780 558 appel
794 475 864 538 stus
897 475 959 557 est,
993 473 1049 537 sed
1078 493 1169 557 prae·

201 564 320 644 fectus,
354 562 456 626 eidem
490 563 564 645 post
589 559 684 624 huius
720 577 868 623 occasum
900 556 1008 621 statim
1042 558 1169 642 regium

201 649 351 712 ornatum
379 665 562 728 nomenque
590 663 660 708 sum
684 643 795 706 serunt
815 661 935 725 neque,
964 638 1051 724 quod
1071 641 1168 706 initio

200 730 439 814 praedicarant,
467 750 500 793 se
527 728 652 793 Alexan
694 726 702 742 '
729 725 840 790 liberis
866 743 1003 809 regnum
1031 743 1158 790 servare

201 817 364 898 praestare
379 813 551 879 voluerunt
566 815 598 877 et
612 831 677 875 uno
692 810 932 894 propugnatore
948 807 1074 872 subluto
1090 775 1169 891 quid

187 967 192 970 ,
205 897 362 962 sentirent
376 898 579 981 aperuerunt
607 894 704 959 huius
719 893 846 958 sceleris
851 891 1022 1040 principes
1035 891 1169 958 fuerunt

204 981 390 1066 Antigonus
421 980 639 1061 Ptolemaeus,
662 976 829 1061 Seleucus,
878 974 1069 1060 ysimachus,
1093 975 1169 1042 oas-

172 1063 348 1130 osandrus.
376 1030 561 1149 Antigonus
583 1065 690 1127 autem
710 1061 890 1158 Eumenem
911 1062 1074 1158 mortuom
1095 1081 1169 1145 pro-

202 1148 333 1231 pinquis
365 1146 432 1212 sius
465 1145 682 1231 sepeliendum
713 1142 854 1209 tradidit
899 1142 1168 1209 h1m1htariho-

202 1234 359 1315 nestoque
373 1232 495 1316 funere,
511 1230 684 1296 comitante
697 1231 768 1293 toto
784 1227 935 1310 exercitu,
953 1225 1170 1294 humaverunt

203 1311 1069 1483 motti?tttpttsstttstttttffl
1090 1332 1169 1378 ¹¹¹*

589 1601 787 1614 ..ι-ιιι*-

504 1752 601 1827 XIX.
653 1751 868 1828 PHOOION.

170 1901 187 1963 1
287 1900 433 1967 Phocion
447 1899 656 1965 Atheniensis
677 1900 737 1965 etsi
759 1921 853 1985 saepe
868 1899 1059 1966 exercitibus
1078 1918 1169 1983 prae·
1285 1925 1286 1946 1

112 2029 115 2036 -
204 1984 268 2050 fnit
288 2005 492 2083 summosque
513 1987 719 2070 magistratus
740 1985 834 2083 cepit,
858 1987 968 2050 temen
981 1983 1169 2049 multocius

204 2069 314 2134 notior
334 2069 501 2154 integritus
523 2068 608 2133 vitoe
623 2088 719 2152 quem
740 2089 786 2133 rer
801 2068 951 2133 militaris
965 2068 1065 2133 tabor.
1110 2062 1169 2132 ita-

205 2173 267 2299 qne
287 2153 383 2217 huius
410 2153 565 2217 memorie
592 2155 641 2216 est
667 2151 771 2235 nulla,
801 2152 888 2217 illius
916 2155 1023 2217 autem
1151 2173 1170 2216 a

174 2247 191 2296 a
221 2256 301 2320 ama,
324 2255 363 2301 ex
385 2256 448 2318 quo
471 2235 663 2320 cognomine
678 2233 789 2301 Bonus
812 2239 860 2301 est
881 2235 1068 2320 appellatus.
1120 2236 1170 2301 uit

249 2319 257 2334 0

205 2340 291 2384 emm
312 2322 467 2404 perpetuo
489 2338 553 2403 pau
577 2340 625 2403 er,
648 2339 720 2384 cum
743 2319 950 2385 divitissimus
972 2339 1039 2385 esse
1060 2323 1170 2404 posset

205 2406 338 2488 propter
347 2403 530 2488 frequentes
545 2341 667 2468 dilatos
678 2403 817 2470 honores
831 2407 1070 2489 potestatesque
1085 2404 1169 2469 suin-

174 2496 290 2586 omaffi
318 2508 399 2572 qnae
421 2488 450 2552 ei
472 2509 492 2553 e
512 2487 632 2572 populo
660 2485 827 2586 dabantnr.
877 2488 931 2553 hio
958 2509 1031 2552 cum
1052 2509 1071 2552 a
1092 2507 1170 2573 rege

204 2570 313 2669 lffhrhp
337 2592 356 2637 o
378 2591 511 2637 munera
532 2591 667 2670 magnae
688 2591 843 2668 pecuniae
864 2572 1061 2656 repudiaret,
1083 2572 1170 2670 lega·-

204 2659 293 2752 tique
313 2593 526 2721 irortarentur
548 2677 614 2722 acci
637 2675 690 2720 ere
717 2655 876 2739 simulque
898 2655 1117 2739 admonerent,
1141 2677 1169 2720 sr

188 2758 273 2837 *ipse
288 2739 328 2804 iis
342 2739 447 2838 facile·
458 2744 594 2824 careret,
615 2677 724 2838 iiberis
746 2742 854 2805 temen
876 2739 941 2805 suis
962 2740 1169 2824 prospiceret,

175 2822 1170 3005 4{utemurgfsetussussiuususu

205 2990 298 3088 idem·
311 2989 375 3054 hrc¹
400 2994 508 3074 mqurt
529 2991 662 3088 ‘agellus
683 2990 757 3088 iilos
778 2991 852 3072 alet,
873 2991 929 3076 qui
951 3011 1002 3056 me
1024 2991 1170 3059 adhunc

210 3072 399 3171 dignitatem
420 3074 583 3172 perduxit:
606 3073 846 3173 smdrssrmiies
862 3079 939 3140 sunt
958 3075 1069 3173 inturi,
1091 3077 1168 3141 nolo

208 3176 288 3221 mers
309 3176 462 3240 rmpensrs
483 3157 612 3222 illorum
634 3157 677 3220 ah
698 3177 870 3243 augenque
891 3159 1072 3225 luxuriem?

170 3243 191 3308 2
290 3238 379 3304 Idem
394 3260 465 3305 cum
476 3261 576 3325 prope
591 3239 632 3306 ad
642 3261 762 3306 annum
775 3243 1005 3330 octogesimum
1015 3263 1171 3343 prospera
1281 3297 1282 3336 q

206 3323 405 3407 pervenisset
418 3324 558 3406 fortune,
581 3325 730 3390 extremis
744 3326 942 3410 temporibus
959 3347 1112 3412 magnum
1133 3349 1170 3393 m

176 3407 316 3473 sodium
343 3409 491 3493 pervenit
511 3429 640 3474 suorum
668 3409 801 3493 civium,
828 3409 947 3494 primo,
983 3411 1069 3495 qnod
1096 3431 1170 3477 cum

206 3488 348 3557 Demade
384 3493 423 3559 de
454 3494 532 3559 urbe
567 3491 722 3560 tradenda
752 3495 926 3578 Antipatro
964 3500 1172 3563 consenserat
