<?xml version="1.0" encoding="UTF-8"?>
<!DOCTYPE html PUBLIC "-//W3C//DTD XHTML 1.0 Transitional//EN"
    "http://www.w3.org/TR/xhtml1/DTD/xhtml1-transitional.dtd">
<html xmlns="http://www.w3.org/1999/xhtml" xml:lang="en" lang="en">
 <head>
  <title>
</title>
<meta http-equiv="Content-Type" content="text/html;charset=utf-8" />
  <meta name='ocr-system' content='tesseract 3.04.00' />
  <meta name='ocr-capabilities' content='ocr_page ocr_carea ocr_par ocr_line ocrx_word'/>
</head>
<body>
  <div class='ocr_page' id='page_1' title='image "./vitae01nepogoog_0044.png"; bbox 0 0 2590 3946; ppageno 0'>
   <div class='ocr_carea' id='block_1_1' title="bbox 483 225 1067 292">
    <p class='ocr_par' dir='ltr' id='par_1_1' title="bbox 483 225 1067 292">
     <span class='ocr_line' id='line_1_1' title="bbox 483 225 1067 292; baseline 0.003 -4"><span class='ocrx_word' id='word_1_1' title='bbox 483 239 519 292; x_wconf 81' lang='lat' dir='ltr'><strong>x.</strong></span> <span class='ocrx_word' id='word_1_2' title='bbox 553 239 649 290; x_wconf 78' lang='lat' dir='ltr'><strong>oron.</strong></span> <span class='ocrx_word' id='word_1_3' title='bbox 673 236 696 286; x_wconf 86' lang='grc' dir='ltr'><strong>ι.</strong></span> <span class='ocrx_word' id='word_1_4' title='bbox 1027 225 1067 290; x_wconf 84' lang='grc'><strong>37</strong></span> 
     </span>
    </p>
   </div>
   <div class='ocr_carea' id='block_1_2' title="bbox 45 373 1098 1302">
    <p class='ocr_par' dir='ltr' id='par_1_2' title="bbox 58 373 1098 810">
     <span class='ocr_line' id='line_1_2' title="bbox 104 373 1070 460; baseline -0.001 -20"><span class='ocrx_word' id='word_1_5' title='bbox 104 373 267 458; x_wconf 73' lang='lat' dir='ltr'><strong>civitates,</strong></span> <span class='ocrx_word' id='word_1_6' title='bbox 298 374 381 440; x_wconf 84' lang='lat' dir='ltr'><strong>olum</strong></span> <span class='ocrx_word' id='word_1_7' title='bbox 410 375 485 440; x_wconf 85' lang='lat' dir='ltr'><strong>dnre</strong></span> <span class='ocrx_word' id='word_1_8' title='bbox 513 394 644 440; x_wconf 82' lang='lat' dir='ltr'><strong>oerum</strong></span> <span class='ocrx_word' id='word_1_9' title='bbox 672 375 793 460; x_wconf 86' lang='lat' dir='ltr'><strong>eoepit,</strong></span> <span class='ocrx_word' id='word_1_10' title='bbox 819 377 858 440; x_wconf 91' lang='lat' dir='ltr'><strong>ut</strong></span> <span class='ocrx_word' id='word_1_11' title='bbox 883 373 1009 440; x_wconf 78' lang='lat' dir='ltr'><strong>Ioniam</strong></span> <span class='ocrx_word' id='word_1_12' title='bbox 1037 379 1070 440; x_wconf 89' lang='lat' dir='ltr'><strong>et</strong></span> 
     </span>
     <span class='ocr_line' id='line_1_3' title="bbox 104 458 1098 525; baseline -0.002 -1"><span class='ocrx_word' id='word_1_13' title='bbox 104 459 253 524; x_wconf 74' lang='lat' dir='ltr'><strong>Aeoliam</strong></span> <span class='ocrx_word' id='word_1_14' title='bbox 280 460 520 525; x_wconf 86' lang='lat' dir='ltr'><strong>restitueretA</strong></span> <span class='ocrx_word' id='word_1_15' title='bbox 559 458 751 525; x_wconf 77' lang='lat' dir='ltr'><strong>eniensibur.</strong></span> <span class='ocrx_word' id='word_1_16' title='bbox 800 458 834 523; x_wconf 91' lang='lat' dir='ltr'><strong>id</strong></span> <span class='ocrx_word' id='word_1_17' title='bbox 861 479 935 524; x_wconf 87' lang='lat' dir='ltr'><strong>eum</strong></span> <span class='ocrx_word' id='word_1_18' title='bbox 961 459 1098 524; x_wconf 79' lang='lat' dir='ltr'><strong>minnse</strong></span> 
     </span>
     <span class='ocr_line' id='line_1_4' title="bbox 104 541 1069 629; baseline -0.001 -21"><span class='ocrx_word' id='word_1_19' title='bbox 104 543 276 629; x_wconf 73' lang='lat' dir='ltr'>diligenter</span> <span class='ocrx_word' id='word_1_20' title='bbox 290 547 374 609; x_wconf 88' lang='lat' dir='ltr'><strong>esset</strong></span> <span class='ocrx_word' id='word_1_21' title='bbox 388 544 536 626; x_wconf 82' lang='lat' dir='ltr'><strong>oeletum,</strong></span> <span class='ocrx_word' id='word_1_22' title='bbox 550 542 725 627; x_wconf 85' lang='lat' dir='ltr'><strong>Tiribezus,</strong></span> <span class='ocrx_word' id='word_1_23' title='bbox 740 544 796 626; x_wconf 89' lang='lat' dir='ltr'><strong>qui</strong></span> <span class='ocrx_word' id='word_1_24' title='bbox 811 541 964 609; x_wconf 75' lang='lat' dir='ltr'>Sardibus</span> <span class='ocrx_word' id='word_1_25' title='bbox 979 564 1069 627; x_wconf 84' lang='lat' dir='ltr'><strong>pree·</strong></span> 
     </span>
     <span class='ocr_line' id='line_1_5' title="bbox 104 626 1069 726; baseline -0.002 -33"><span class='ocrx_word' id='word_1_26' title='bbox 104 631 204 726; x_wconf 52' lang='lat' dir='ltr'><strong>eret,</strong></span> <span class='ocrx_word' id='word_1_27' title='bbox 218 626 384 694; x_wconf 76' lang='lat' dir='ltr'><strong>Cononem</strong></span> <span class='ocrx_word' id='word_1_28' title='bbox 412 627 557 694; x_wconf 76' lang='lat' dir='ltr'><strong>evocavit</strong></span> <span class='ocrx_word' id='word_1_29' title='bbox 603 628 757 725; x_wconf 74' lang='lat' dir='ltr'><strong>simulans</strong></span> <span class='ocrx_word' id='word_1_30' title='bbox 790 627 830 692; x_wconf 81' lang='lat' dir='ltr'><strong>ed</strong></span> <span class='ocrx_word' id='word_1_31' title='bbox 860 647 969 726; x_wconf 77' lang='lat' dir='ltr'><strong>regem</strong></span> <span class='ocrx_word' id='word_1_32' title='bbox 995 648 1069 692; x_wconf 85' lang='lat' dir='ltr'><strong>enm</strong></span> 
     </span>
     <span class='ocr_line' id='line_1_6' title="bbox 58 677 1069 810; baseline -0.001 -34"><span class='ocrx_word' id='word_1_33' title='bbox 58 795 64 804; x_wconf 23' lang='grc' dir='ltr'>ι</span> <span class='ocrx_word' id='word_1_34' title='bbox 104 732 139 776; x_wconf 89' lang='lat' dir='ltr'><strong>se</strong></span> <span class='ocrx_word' id='word_1_35' title='bbox 160 714 288 810; x_wconf 73' lang='lat' dir='ltr'><strong>mittere</strong></span> <span class='ocrx_word' id='word_1_36' title='bbox 310 713 393 810; x_wconf 76' lang='lat' dir='ltr'><strong>velle</strong></span> <span class='ocrx_word' id='word_1_37' title='bbox 414 731 533 810; x_wconf 71' lang='lat' dir='ltr'><strong>mogno</strong></span> <span class='ocrx_word' id='word_1_38' title='bbox 555 677 593 777; x_wconf 82' lang='lat' dir='ltr'><strong>de</strong></span> <span class='ocrx_word' id='word_1_39' title='bbox 614 733 659 810; x_wconf 75' lang='lat' dir='ltr'><strong>re.</strong></span> <span class='ocrx_word' id='word_1_40' title='bbox 696 713 792 783; x_wconf 77' lang='lat' dir='ltr'><strong>hume</strong></span> <span class='ocrx_word' id='word_1_41' title='bbox 813 715 930 809; x_wconf 80' lang='lat' dir='ltr'><strong>nuntio</strong></span> <span class='ocrx_word' id='word_1_42' title='bbox 951 731 1069 808; x_wconf 73' lang='lat' dir='ltr'><strong>parens</strong></span> 
     </span>
    </p>

    <p class='ocr_par' dir='ltr' id='par_1_3' title="bbox 45 794 1097 1302">
     <span class='ocr_line' id='line_1_7' title="bbox 105 794 1070 894; baseline -0.002 -32"><span class='ocrx_word' id='word_1_43' title='bbox 105 817 178 862; x_wconf 88' lang='lat' dir='ltr'><strong>onm</strong></span> <span class='ocrx_word' id='word_1_44' title='bbox 199 799 348 894; x_wconf 77' lang='lat' dir='ltr'><strong>vemsset,</strong></span> <span class='ocrx_word' id='word_1_45' title='bbox 370 796 716 894; x_wconf 75' lang='lat' dir='ltr'><strong>mumoleeonreotur</strong></span> <span class='ocrx_word' id='word_1_46' title='bbox 738 799 853 879; x_wconf 87' lang='lat' dir='ltr'><strong>est,1n</strong></span> <span class='ocrx_word' id='word_1_47' title='bbox 875 795 991 879; x_wconf 79' lang='lat' dir='ltr'><strong>quibus</strong></span> <span class='ocrx_word' id='word_1_48' title='bbox 1013 794 1070 860; x_wconf 86' lang='lat' dir='ltr'><strong>eh-</strong></span> 
     </span>
     <span class='ocr_line' id='line_1_8' title="bbox 103 878 1097 1063; baseline 0 -35"><span class='ocrx_word' id='word_1_49' title='bbox 103 878 451 1062; x_wconf 60' lang='lat' dir='ltr'><strong>euiittit</strong></span> <span class='ocrx_word' id='word_1_50' title='bbox 464 879 880 1063; x_wconf 57' lang='lat' dir='ltr'><strong>iustissime</strong></span> <span class='ocrx_word' id='word_1_51' title='bbox 894 878 1097 1063; x_wconf 63' lang='lat' dir='ltr'><strong>:itur</strong></span> 
     </span>
     <span class='ocr_line' id='line_1_9' title="bbox 103 1047 1069 1218; baseline -0.001 -20"><span class='ocrx_word' id='word_1_52' title='bbox 103 1047 507 1218; x_wconf 46' lang='lat' dir='ltr'><strong>initiet-titiis&amp;</strong></span> <span class='ocrx_word' id='word_1_53' title='bbox 521 1047 1069 1217; x_wconf 60' lang='lat' dir='ltr'><strong>ttpttttititttffi</strong></span> 
     </span>
     <span class='ocr_line' id='line_1_10' title="bbox 45 1215 900 1302; baseline 0.004 -20"><span class='ocrx_word' id='word_1_54' title='bbox 45 1227 55 1242; x_wconf 87' lang='grc'>·</span> <span class='ocrx_word' id='word_1_55' title='bbox 104 1215 253 1282; x_wconf 78' lang='lat' dir='ltr'><strong>&#39;liribero</strong></span> <span class='ocrx_word' id='word_1_56' title='bbox 276 1216 397 1283; x_wconf 78' lang='lat' dir='ltr'><strong>sciente</strong></span> <span class='ocrx_word' id='word_1_57' title='bbox 419 1238 461 1283; x_wconf 85' lang='lat' dir='ltr'><strong>en</strong></span> <span class='ocrx_word' id='word_1_58' title='bbox 482 1217 684 1302; x_wconf 71' lang='lat' dir='ltr'><strong>imprudente</strong></span> <span class='ocrx_word' id='word_1_59' title='bbox 707 1217 749 1282; x_wconf 89' lang='lat' dir='ltr'><strong>sit</strong></span> <span class='ocrx_word' id='word_1_60' title='bbox 769 1216 900 1285; x_wconf 83' lang='lat' dir='ltr'><strong>foetum.</strong></span> 
     </span>
    </p>
   </div>
   <div class='ocr_carea' id='block_1_3' title="bbox 473 1568 696 1645">
    <p class='ocr_par' dir='ltr' id='par_1_4' title="bbox 473 1568 696 1645">
     <span class='ocr_line' id='line_1_11' title="bbox 473 1568 696 1645; baseline 0.004 -1"><span class='ocrx_word' id='word_1_61' title='bbox 473 1569 518 1645; x_wconf 89' lang='lat' dir='ltr'><strong>X.</strong></span> <span class='ocrx_word' id='word_1_62' title='bbox 569 1568 696 1645; x_wconf 87' lang='lat' dir='ltr'><strong>DION.</strong></span> 
     </span>
    </p>
   </div>
   <div class='ocr_carea' id='block_1_4' title="bbox 103 1714 1104 3565">
    <p class='ocr_par' dir='ltr' id='par_1_5' title="bbox 103 1714 1104 3565">
     <span class='ocr_line' id='line_1_12' title="bbox 190 1714 1104 1814; baseline -0.004 -30"><span class='ocrx_word' id='word_1_63' title='bbox 190 1717 293 1804; x_wconf 90' lang='lat' dir='ltr'><strong>Dion,</strong></span> <span class='ocrx_word' id='word_1_64' title='bbox 315 1717 488 1802; x_wconf 78' lang='lat' dir='ltr'><strong>Hipparini</strong></span> <span class='ocrx_word' id='word_1_65' title='bbox 509 1717 610 1802; x_wconf 86' lang='lat' dir='ltr'><strong>filius,</strong></span> <span class='ocrx_word' id='word_1_66' title='bbox 632 1717 850 1802; x_wconf 81' lang='lat' dir='ltr'><strong>Syreousenus</strong></span> <span class='ocrx_word' id='word_1_67' title='bbox 886 1714 989 1782; x_wconf 91' lang='lat' dir='ltr'><strong>nobili</strong></span> <span class='ocrx_word' id='word_1_68' title='bbox 1015 1735 1068 1814; x_wconf 75' lang='lat' dir='ltr'><strong>ge·</strong></span> <span class='ocrx_word' id='word_1_69' title='bbox 1087 1718 1104 1780; x_wconf 88' lang='lat'>1</span> 
     </span>
     <span class='ocr_line' id='line_1_13' title="bbox 105 1800 1069 1888; baseline -0.004 -18"><span class='ocrx_word' id='word_1_70' title='bbox 105 1822 183 1870; x_wconf 89' lang='lat' dir='ltr'><strong>nere</strong></span> <span class='ocrx_word' id='word_1_71' title='bbox 209 1807 320 1888; x_wconf 80' lang='lat' dir='ltr'><strong>nutus,</strong></span> <span class='ocrx_word' id='word_1_72' title='bbox 346 1806 483 1887; x_wconf 80' lang='lat' dir='ltr'><strong>utraque</strong></span> <span class='ocrx_word' id='word_1_73' title='bbox 503 1802 686 1887; x_wconf 78' lang='lat' dir='ltr'><strong>implieetur</strong></span> <span class='ocrx_word' id='word_1_74' title='bbox 707 1803 837 1888; x_wconf 71' lang='lat' dir='ltr'><strong>tyranni</strong></span> <span class='ocrx_word' id='word_1_75' title='bbox 859 1800 1069 1885; x_wconf 79' lang='lat' dir='ltr'><strong>eDionysro·</strong></span> 
     </span>
     <span class='ocr_line' id='line_1_14' title="bbox 105 1885 1070 1970; baseline -0.002 -18"><span class='ocrx_word' id='word_1_76' title='bbox 105 1908 187 1952; x_wconf 88' lang='lat' dir='ltr'><strong>rum.</strong></span> <span class='ocrx_word' id='word_1_77' title='bbox 229 1906 369 1970; x_wconf 84' lang='lat' dir='ltr'><strong>nemque</strong></span> <span class='ocrx_word' id='word_1_78' title='bbox 391 1886 446 1951; x_wconf 91' lang='lat' dir='ltr'><strong>ille</strong></span> <span class='ocrx_word' id='word_1_79' title='bbox 469 1885 615 1969; x_wconf 80' lang='lat' dir='ltr'><strong>superior</strong></span> <span class='ocrx_word' id='word_1_80' title='bbox 635 1887 882 1952; x_wconf 76' lang='lat' dir='ltr'><strong>Aristomachen</strong></span> <span class='ocrx_word' id='word_1_81' title='bbox 926 1906 1070 1952; x_wconf 73' lang='lat' dir='ltr'><strong>sororem</strong></span> 
     </span>
     <span class='ocr_line' id='line_1_15' title="bbox 106 1935 1070 2058; baseline -0.002 -23"><span class='ocrx_word' id='word_1_82' title='bbox 106 1970 238 2053; x_wconf 88' lang='lat' dir='ltr'><strong>Dionis,</strong></span> <span class='ocrx_word' id='word_1_83' title='bbox 268 1969 381 2035; x_wconf 79' lang='lat' dir='ltr'><strong>habuit</strong></span> <span class='ocrx_word' id='word_1_84' title='bbox 406 1970 442 2034; x_wconf 92' lang='lat' dir='ltr'><strong>in</strong></span> <span class='ocrx_word' id='word_1_85' title='bbox 469 1970 689 2053; x_wconf 79' lang='lat' dir='ltr'><strong>matrimonio,</strong></span> <span class='ocrx_word' id='word_1_86' title='bbox 716 1991 847 2054; x_wconf 84' lang='lat' dir='ltr'><strong>exque</strong></span> <span class='ocrx_word' id='word_1_87' title='bbox 874 1935 954 2058; x_wconf 82' lang='lat' dir='ltr'><strong>duos</strong></span> <span class='ocrx_word' id='word_1_88' title='bbox 975 1969 1070 2052; x_wconf 89' lang='lat' dir='ltr'><strong>filios,</strong></span> 
     </span>
     <span class='ocr_line' id='line_1_16' title="bbox 106 2051 1069 2139; baseline -0.004 -18"><span class='ocrx_word' id='word_1_89' title='bbox 106 2054 323 2139; x_wconf 72' lang='lat' dir='ltr'><strong>Hipparinum</strong></span> <span class='ocrx_word' id='word_1_90' title='bbox 338 2055 372 2118; x_wconf 89' lang='lat' dir='ltr'><strong>et</strong></span> <span class='ocrx_word' id='word_1_91' title='bbox 384 2051 548 2137; x_wconf 79' lang='lat' dir='ltr'><strong>Nisaeum,</strong></span> <span class='ocrx_word' id='word_1_92' title='bbox 570 2054 752 2138; x_wconf 78' lang='lat' dir='ltr'><strong>procreavit</strong></span> <span class='ocrx_word' id='word_1_93' title='bbox 764 2053 963 2138; x_wconf 84' lang='lat' dir='ltr'><strong>totidemque</strong></span> <span class='ocrx_word' id='word_1_94' title='bbox 976 2052 1069 2135; x_wconf 86' lang='lat' dir='ltr'><strong>filies,</strong></span> 
     </span>
     <span class='ocr_line' id='line_1_17' title="bbox 105 2136 1070 2236; baseline -0.004 -31"><span class='ocrx_word' id='word_1_95' title='bbox 105 2137 238 2205; x_wconf 89' lang='lat' dir='ltr'><strong>nomine</strong></span> <span class='ocrx_word' id='word_1_96' title='bbox 264 2136 495 2236; x_wconf 70' lang='lat' dir='ltr'><strong>Sophrosynen</strong></span> <span class='ocrx_word' id='word_1_97' title='bbox 527 2141 560 2203; x_wconf 85' lang='lat' dir='ltr'><strong>et</strong></span> <span class='ocrx_word' id='word_1_98' title='bbox 590 2141 729 2222; x_wconf 86' lang='lat' dir='ltr'><strong>Areten,</strong></span> <span class='ocrx_word' id='word_1_99' title='bbox 761 2160 897 2223; x_wconf 83' lang='lat' dir='ltr'><strong>quorum</strong></span> <span class='ocrx_word' id='word_1_100' title='bbox 928 2137 1070 2221; x_wconf 85' lang='lat' dir='ltr'><strong>priorem</strong></span> 
     </span>
     <span class='ocr_line' id='line_1_18' title="bbox 105 2221 1070 2321; baseline -0.002 -33"><span class='ocrx_word' id='word_1_101' title='bbox 105 2221 264 2307; x_wconf 81' lang='lat' dir='ltr'><strong>Dionysio</strong></span> <span class='ocrx_word' id='word_1_102' title='bbox 286 2221 364 2307; x_wconf 85' lang='lat' dir='ltr'><strong>filio,</strong></span> <span class='ocrx_word' id='word_1_103' title='bbox 386 2221 503 2306; x_wconf 86' lang='lat' dir='ltr'><strong>erdem,</strong></span> <span class='ocrx_word' id='word_1_104' title='bbox 529 2223 581 2288; x_wconf 89' lang='lat' dir='ltr'><strong>oui</strong></span> <span class='ocrx_word' id='word_1_105' title='bbox 602 2242 738 2321; x_wconf 78' lang='lat' dir='ltr'><strong>regnum</strong></span> <span class='ocrx_word' id='word_1_106' title='bbox 764 2222 910 2306; x_wconf 90' lang='lat' dir='ltr'><strong>reliquit,</strong></span> <span class='ocrx_word' id='word_1_107' title='bbox 931 2225 1070 2306; x_wconf 85' lang='lat' dir='ltr'><strong>nuptum</strong></span> 
     </span>
     <span class='ocr_line' id='line_1_19' title="bbox 106 2304 1098 2390; baseline -0.003 -20"><span class='ocrx_word' id='word_1_108' title='bbox 106 2304 210 2390; x_wconf 90' lang='lat' dir='ltr'><strong>dedit,</strong></span> <span class='ocrx_word' id='word_1_109' title='bbox 232 2305 381 2388; x_wconf 75' lang='lat' dir='ltr'><strong>ultorem,</strong></span> <span class='ocrx_word' id='word_1_110' title='bbox 403 2308 535 2389; x_wconf 77' lang='lat' dir='ltr'><strong>Areten,</strong></span> <span class='ocrx_word' id='word_1_111' title='bbox 556 2304 666 2372; x_wconf 81' lang='lat' dir='ltr'><strong>Dioni.</strong></span> <span class='ocrx_word' id='word_1_112' title='bbox 701 2305 791 2388; x_wconf 90' lang='lat' dir='ltr'><strong>Dion</strong></span> <span class='ocrx_word' id='word_1_113' title='bbox 811 2310 919 2372; x_wconf 62' lang='lat' dir='ltr'><strong>summ</strong></span> <span class='ocrx_word' id='word_1_114' title='bbox 941 2309 1098 2390; x_wconf 70' lang='lat' dir='ltr'><strong>praeterr</strong></span> 
     </span>
     <span class='ocr_line' id='line_1_20' title="bbox 105 2389 1069 2475; baseline -0.001 -20"><span class='ocrx_word' id='word_1_115' title='bbox 105 2389 248 2455; x_wconf 87' lang='lat' dir='ltr'><strong>nobilem</strong></span> <span class='ocrx_word' id='word_1_116' title='bbox 269 2389 543 2472; x_wconf 67' lang='lat' dir='ltr'><strong>propinquitatem</strong></span> <span class='ocrx_word' id='word_1_117' title='bbox 564 2410 815 2475; x_wconf 82' lang='lat' dir='ltr'><strong>generosumque</strong></span> <span class='ocrx_word' id='word_1_118' title='bbox 837 2391 996 2455; x_wconf 87' lang='lat' dir='ltr'><strong>meierum</strong></span> <span class='ocrx_word' id='word_1_119' title='bbox 1022 2389 1069 2454; x_wconf 83' lang='lat' dir='ltr'><strong>fe·</strong></span> 
     </span>
     <span class='ocr_line' id='line_1_21' title="bbox 105 2471 1070 2571; baseline -0.004 -32"><span class='ocrx_word' id='word_1_120' title='bbox 105 2494 192 2539; x_wconf 86' lang='lat' dir='ltr'><strong>mem</strong></span> <span class='ocrx_word' id='word_1_121' title='bbox 208 2473 311 2537; x_wconf 79' lang='lat' dir='ltr'><strong>multe</strong></span> <span class='ocrx_word' id='word_1_122' title='bbox 324 2471 388 2536; x_wconf 79' lang='lat' dir='ltr'><strong>elie</strong></span> <span class='ocrx_word' id='word_1_123' title='bbox 409 2474 450 2538; x_wconf 88' lang='lat' dir='ltr'><strong>eb</strong></span> <span class='ocrx_word' id='word_1_124' title='bbox 470 2476 586 2538; x_wconf 76' lang='lat' dir='ltr'><strong>nature</strong></span> <span class='ocrx_word' id='word_1_125' title='bbox 606 2473 720 2538; x_wconf 82' lang='lat' dir='ltr'><strong>hebuit</strong></span> <span class='ocrx_word' id='word_1_126' title='bbox 732 2475 828 2571; x_wconf 73' lang='lat' dir='ltr'><strong>bone,</strong></span> <span class='ocrx_word' id='word_1_127' title='bbox 850 2473 886 2538; x_wconf 93' lang='lat' dir='ltr'><strong>in</strong></span> <span class='ocrx_word' id='word_1_128' title='bbox 907 2473 959 2536; x_wconf 89' lang='lat' dir='ltr'><strong>his</strong></span> <span class='ocrx_word' id='word_1_129' title='bbox 980 2473 1070 2556; x_wconf 83' lang='lat' dir='ltr'><strong>inge·</strong></span> 
     </span>
     <span class='ocr_line' id='line_1_22' title="bbox 104 2556 1069 2642; baseline -0.003 -19"><span class='ocrx_word' id='word_1_130' title='bbox 104 2558 197 2623; x_wconf 90' lang='lat' dir='ltr'><strong>nium</strong></span> <span class='ocrx_word' id='word_1_131' title='bbox 212 2556 325 2639; x_wconf 79' lang='lat' dir='ltr'><strong>docile,</strong></span> <span class='ocrx_word' id='word_1_132' title='bbox 348 2575 448 2640; x_wconf 87' lang='lat' dir='ltr'><strong>oome,</strong></span> <span class='ocrx_word' id='word_1_133' title='bbox 470 2561 581 2642; x_wconf 78' lang='lat' dir='ltr'><strong>aptum</strong></span> <span class='ocrx_word' id='word_1_134' title='bbox 595 2556 636 2622; x_wconf 83' lang='lat' dir='ltr'><strong>od</strong></span> <span class='ocrx_word' id='word_1_135' title='bbox 656 2561 740 2622; x_wconf 81' lang='lat' dir='ltr'><strong>artes</strong></span> <span class='ocrx_word' id='word_1_136' title='bbox 756 2561 903 2640; x_wconf 79' lang='lat' dir='ltr'><strong>optimas,</strong></span> <span class='ocrx_word' id='word_1_137' title='bbox 916 2575 1069 2641; x_wconf 81' lang='lat' dir='ltr'><strong>msgnem</strong></span> 
     </span>
     <span class='ocr_line' id='line_1_23' title="bbox 105 2639 1068 2727; baseline -0.002 -20"><span class='ocrx_word' id='word_1_138' title='bbox 105 2641 249 2726; x_wconf 87' lang='lat' dir='ltr'><strong>eorporis</strong></span> <span class='ocrx_word' id='word_1_139' title='bbox 271 2639 472 2727; x_wconf 70' lang='lat' dir='ltr'><strong>dignitatem,</strong></span> <span class='ocrx_word' id='word_1_140' title='bbox 494 2661 576 2724; x_wconf 84' lang='lat' dir='ltr'><strong>quae</strong></span> <span class='ocrx_word' id='word_1_141' title='bbox 590 2661 659 2707; x_wconf 91' lang='lat' dir='ltr'><strong>non</strong></span> <span class='ocrx_word' id='word_1_142' title='bbox 672 2641 842 2706; x_wconf 90' lang='lat' dir='ltr'><strong>minimum</strong></span> <span class='ocrx_word' id='word_1_143' title='bbox 856 2640 1068 2722; x_wconf 81' lang='lat' dir='ltr'><strong>commendet,</strong></span> 
     </span>
     <span class='ocr_line' id='line_1_24' title="bbox 105 2724 1069 2811; baseline 0 -21"><span class='ocrx_word' id='word_1_144' title='bbox 105 2745 239 2811; x_wconf 65' lang='lat' dir='ltr'><strong>magnas</strong></span> <span class='ocrx_word' id='word_1_145' title='bbox 260 2728 427 2811; x_wconf 79' lang='lat' dir='ltr'><strong>praetereo</strong></span> <span class='ocrx_word' id='word_1_146' title='bbox 440 2724 569 2790; x_wconf 78' lang='lat' dir='ltr'><strong>divitius</strong></span> <span class='ocrx_word' id='word_1_147' title='bbox 590 2746 610 2789; x_wconf 81' lang='lat' dir='ltr'><strong>e</strong></span> <span class='ocrx_word' id='word_1_148' title='bbox 628 2728 719 2810; x_wconf 83' lang='lat' dir='ltr'><strong>petre</strong></span> <span class='ocrx_word' id='word_1_149' title='bbox 740 2725 877 2808; x_wconf 82' lang='lat' dir='ltr'><strong>relictos,</strong></span> <span class='ocrx_word' id='word_1_150' title='bbox 921 2745 979 2790; x_wconf 81' lang='lat' dir='ltr'><strong>uus</strong></span> <span class='ocrx_word' id='word_1_151' title='bbox 999 2725 1069 2808; x_wconf 83' lang='lat' dir='ltr'><strong>ipse</strong></span> 
     </span>
     <span class='ocr_line' id='line_1_25' title="bbox 104 2809 1098 2893; baseline -0.002 -20"><span class='ocrx_word' id='word_1_152' title='bbox 104 2810 236 2892; x_wconf 77' lang='lat' dir='ltr'><strong>tyranni</strong></span> <span class='ocrx_word' id='word_1_153' title='bbox 262 2810 449 2874; x_wconf 86' lang='lat' dir='ltr'><strong>muneribus</strong></span> <span class='ocrx_word' id='word_1_154' title='bbox 470 2813 610 2875; x_wconf 78' lang='lat' dir='ltr'><strong>suxerat.</strong></span> <span class='ocrx_word' id='word_1_155' title='bbox 660 2811 730 2874; x_wconf 78' lang='lat' dir='ltr'><strong>eret</strong></span> <span class='ocrx_word' id='word_1_156' title='bbox 755 2809 888 2874; x_wconf 85' lang='lat' dir='ltr'><strong>intimus</strong></span> <span class='ocrx_word' id='word_1_157' title='bbox 944 2809 1098 2893; x_wconf 73' lang='lat' dir='ltr'><strong>&#39;onysioo</strong></span> 
     </span>
     <span class='ocr_line' id='line_1_26' title="bbox 105 2891 1069 2991; baseline 0.001 -35"><span class='ocrx_word' id='word_1_158' title='bbox 105 2891 222 2977; x_wconf 88' lang='lat' dir='ltr'><strong>priori,</strong></span> <span class='ocrx_word' id='word_1_159' title='bbox 248 2913 354 2977; x_wconf 89' lang='lat' dir='ltr'><strong>neque</strong></span> <span class='ocrx_word' id='word_1_160' title='bbox 382 2892 489 2958; x_wconf 86' lang='lat' dir='ltr'><strong>minus</strong></span> <span class='ocrx_word' id='word_1_161' title='bbox 515 2897 647 2991; x_wconf 85' lang='lat' dir='ltr'><strong>propter</strong></span> <span class='ocrx_word' id='word_1_162' title='bbox 673 2913 779 2958; x_wconf 86' lang='lat' dir='ltr'><strong>mores</strong></span> <span class='ocrx_word' id='word_1_163' title='bbox 807 2915 904 2977; x_wconf 88' lang='lat' dir='ltr'><strong>quem</strong></span> <span class='ocrx_word' id='word_1_164' title='bbox 930 2893 1069 2957; x_wconf 80' lang='lat' dir='ltr'><strong>effinite·</strong></span> 
     </span>
     <span class='ocr_line' id='line_1_27' title="bbox 105 2975 1068 3075; baseline 0 -35"><span class='ocrx_word' id='word_1_165' title='bbox 105 2980 181 3041; x_wconf 88' lang='lat' dir='ltr'><strong>tem.</strong></span> <span class='ocrx_word' id='word_1_166' title='bbox 217 2997 356 3062; x_wconf 80' lang='lat' dir='ltr'><strong>nemque</strong></span> <span class='ocrx_word' id='word_1_167' title='bbox 378 2977 438 3042; x_wconf 84' lang='lat' dir='ltr'><strong>etsi</strong></span> <span class='ocrx_word' id='word_1_168' title='bbox 455 2975 606 3060; x_wconf 79' lang='lat' dir='ltr'><strong>Dionysli</strong></span> <span class='ocrx_word' id='word_1_169' title='bbox 626 2977 797 3042; x_wconf 82' lang='lat' dir='ltr'><strong>erudelitas</strong></span> <span class='ocrx_word' id='word_1_170' title='bbox 820 2977 849 3042; x_wconf 91' lang='lat' dir='ltr'><strong>ei</strong></span> <span class='ocrx_word' id='word_1_171' title='bbox 871 2977 1068 3075; x_wconf 77' lang='lat' dir='ltr'><strong>displicebat,</strong></span> 
     </span>
     <span class='ocr_line' id='line_1_28' title="bbox 104 3061 1069 3160; baseline 0.001 -35"><span class='ocrx_word' id='word_1_172' title='bbox 104 3064 216 3125; x_wconf 78' lang='lat' dir='ltr'><strong>temen</strong></span> <span class='ocrx_word' id='word_1_173' title='bbox 237 3061 361 3126; x_wconf 75' lang='lat' dir='ltr'><strong>salvum</strong></span> <span class='ocrx_word' id='word_1_174' title='bbox 381 3082 441 3146; x_wconf 89' lang='lat' dir='ltr'><strong>pro</strong></span> <span class='ocrx_word' id='word_1_175' title='bbox 464 3064 513 3126; x_wconf 90' lang='lat' dir='ltr'><strong>ter</strong></span> <span class='ocrx_word' id='word_1_176' title='bbox 534 3061 819 3145; x_wconf 75' lang='lat' dir='ltr'><strong>necessitudinem,</strong></span> <span class='ocrx_word' id='word_1_177' title='bbox 847 3082 950 3160; x_wconf 75' lang='lat' dir='ltr'><strong>magis</strong></span> <span class='ocrx_word' id='word_1_178' title='bbox 971 3061 1069 3126; x_wconf 84' lang='lat' dir='ltr'><strong>etiem</strong></span> 
     </span>
     <span class='ocr_line' id='line_1_29' title="bbox 105 3145 1068 3232; baseline -0.001 -21"><span class='ocrx_word' id='word_1_179' title='bbox 105 3165 237 3212; x_wconf 82' lang='lat' dir='ltr'><strong>suorum</strong></span> <span class='ocrx_word' id='word_1_180' title='bbox 254 3165 349 3210; x_wconf 79' lang='lat' dir='ltr'><strong>eausa</strong></span> <span class='ocrx_word' id='word_1_181' title='bbox 375 3147 427 3210; x_wconf 85' lang='lat' dir='ltr'><strong>stu</strong></span> <span class='ocrx_word' id='word_1_182' title='bbox 449 3146 532 3210; x_wconf 79' lang='lat' dir='ltr'><strong>ebat.</strong></span> <span class='ocrx_word' id='word_1_183' title='bbox 587 3146 697 3211; x_wconf 80' lang='lat' dir='ltr'><strong>ederat</strong></span> <span class='ocrx_word' id='word_1_184' title='bbox 733 3145 769 3211; x_wconf 90' lang='lat' dir='ltr'><strong>in</strong></span> <span class='ocrx_word' id='word_1_185' title='bbox 806 3166 932 3232; x_wconf 75' lang='lat' dir='ltr'><strong>magnis</strong></span> <span class='ocrx_word' id='word_1_186' title='bbox 963 3146 1068 3228; x_wconf 86' lang='lat' dir='ltr'><strong>rebus,</strong></span> 
     </span>
     <span class='ocr_line' id='line_1_30' title="bbox 104 3228 1069 3326; baseline -0.003 -32"><span class='ocrx_word' id='word_1_187' title='bbox 104 3228 237 3326; x_wconf 77' lang='lat' dir='ltr'><strong>eiusque</strong></span> <span class='ocrx_word' id='word_1_188' title='bbox 269 3229 404 3295; x_wconf 88' lang='lat' dir='ltr'><strong>oonsilio</strong></span> <span class='ocrx_word' id='word_1_189' title='bbox 436 3229 574 3294; x_wconf 90' lang='lat' dir='ltr'><strong>multum</strong></span> <span class='ocrx_word' id='word_1_190' title='bbox 594 3229 784 3296; x_wconf 75' lang='lat' dir='ltr'><strong>movebatur</strong></span> <span class='ocrx_word' id='word_1_191' title='bbox 804 3233 976 3316; x_wconf 79' lang='lat' dir='ltr'><strong>tyrannus,</strong></span> <span class='ocrx_word' id='word_1_192' title='bbox 1004 3228 1069 3293; x_wconf 89' lang='lat' dir='ltr'><strong>nisi</strong></span> 
     </span>
     <span class='ocr_line' id='line_1_31' title="bbox 105 3311 1098 3410; baseline -0.004 -34"><span class='ocrx_word' id='word_1_193' title='bbox 105 3333 169 3410; x_wconf 76' lang='lat' dir='ltr'><strong>que</strong></span> <span class='ocrx_word' id='word_1_194' title='bbox 189 3333 225 3378; x_wconf 91' lang='lat' dir='ltr'><strong>m</strong></span> <span class='ocrx_word' id='word_1_195' title='bbox 245 3333 281 3378; x_wconf 89' lang='lat' dir='ltr'><strong>re</strong></span> <span class='ocrx_word' id='word_1_196' title='bbox 302 3311 406 3378; x_wconf 79' lang='lat' dir='ltr'><strong>maior</strong></span> <span class='ocrx_word' id='word_1_197' title='bbox 418 3312 520 3396; x_wconf 86' lang='lat' dir='ltr'><strong>ipsius</strong></span> <span class='ocrx_word' id='word_1_198' title='bbox 534 3313 691 3397; x_wconf 77' lang='lat' dir='ltr'><strong>cupiditas</strong></span> <span class='ocrx_word' id='word_1_199' title='bbox 705 3314 938 3380; x_wconf 84' lang='lat' dir='ltr'><strong>interoesreret</strong></span> <span class='ocrx_word' id='word_1_200' title='bbox 981 3313 1098 3395; x_wconf 69' lang='lat' dir='ltr'><strong>legor</strong></span> 
     </span>
     <span class='ocr_line' id='line_1_32' title="bbox 104 3397 1069 3480; baseline -0.002 -20"><span class='ocrx_word' id='word_1_201' title='bbox 104 3401 210 3462; x_wconf 82' lang='lat' dir='ltr'><strong>tiones</strong></span> <span class='ocrx_word' id='word_1_202' title='bbox 242 3417 318 3462; x_wconf 82' lang='lat' dir='ltr'><strong>vero</strong></span> <span class='ocrx_word' id='word_1_203' title='bbox 351 3416 478 3480; x_wconf 82' lang='lat' dir='ltr'><strong>omnes,</strong></span> <span class='ocrx_word' id='word_1_204' title='bbox 518 3416 600 3479; x_wconf 78' lang='lat' dir='ltr'><strong>quoe</strong></span> <span class='ocrx_word' id='word_1_205' title='bbox 632 3401 740 3462; x_wconf 79' lang='lat' dir='ltr'><strong>essent</strong></span> <span class='ocrx_word' id='word_1_206' title='bbox 770 3397 976 3478; x_wconf 84' lang='lat' dir='ltr'><strong>illustriores,</strong></span> <span class='ocrx_word' id='word_1_207' title='bbox 1010 3415 1069 3478; x_wconf 90' lang='lat' dir='ltr'><strong>per</strong></span> 
     </span>
     <span class='ocr_line' id='line_1_33' title="bbox 103 3477 1069 3565; baseline -0.003 -18"><span class='ocrx_word' id='word_1_208' title='bbox 103 3477 245 3548; x_wconf 89' lang='lat' dir='ltr'><strong>Dionem</strong></span> <span class='ocrx_word' id='word_1_209' title='bbox 255 3480 577 3546; x_wconf 74' lang='lat' dir='ltr'><strong>administrebentur:</strong></span> <span class='ocrx_word' id='word_1_210' title='bbox 593 3500 673 3564; x_wconf 82' lang='lat' dir='ltr'><strong>ques</strong></span> <span class='ocrx_word' id='word_1_211' title='bbox 688 3481 817 3563; x_wconf 89' lang='lat' dir='ltr'><strong>quidem</strong></span> <span class='ocrx_word' id='word_1_212' title='bbox 831 3481 886 3545; x_wconf 88' lang='lat' dir='ltr'><strong>ille</strong></span> <span class='ocrx_word' id='word_1_213' title='bbox 898 3479 1069 3565; x_wconf 83' lang='lat' dir='ltr'><strong>diligenter</strong></span> 
     </span>
    </p>
   </div>
   <div class='ocr_carea' id='block_1_5' title="bbox 0 0 1300 3946">
    <p class='ocr_par' dir='ltr' id='par_1_6' title="bbox 0 0 1300 3946">
     <span class='ocr_line' id='line_1_34' title="bbox 0 0 1300 3946; baseline 0 0"><span class='ocrx_word' id='word_1_214' title='bbox 0 0 1300 3946; x_wconf 95' lang='lat' dir='ltr'><strong> </strong></span> 
     </span>
    </p>
   </div>
  </div>
 </body>
</html>
