2606 3940
414 251 496 300 xxv.
533 247 690 298 armeus.
712 245 788 296 2-4.
1019 233 1078 298 101

122 385 348 452 denimentum
374 384 506 469 aliquod
531 384 672 450 adferret
697 385 744 450 rei
771 383 921 449 familiari
970 383 1083 448 eodem

121 489 272 569 magnum
291 471 417 568 partem
429 468 634 568 tartarearum
648 469 775 566 traiecit
788 432 936 536 auarum,
958 467 1016 532 'hie
1037 467 1084 532 ita

121 557 454 639 runt,utumvere1e
476 553 728 620 Athememrbue
749 554 862 618 merite
886 555 969 618 esset
989 551 1083 617 earis-

121 640 229 705 eimue.
278 661 355 704 nam
382 640 511 724 praeter
546 638 697 724 gratiam,
730 658 812 736 quae
842 638 908 703 iem
940 637 976 702 iu
1007 635 1112 702 adu-e

122 723 297 789 leeeentulo
322 743 442 808 magua
468 726 551 807 erat,
578 743 671 807 saepe
698 743 764 788 eure
796 723 911 806 opibus
939 720 1084 804 inopiam

122 829 233 874 eorum
253 807 416 892 publicem
437 807 565 873 levarit.
602 828 675 873 eum
696 806 783 872 enim
797 827 960 871 versuram
978 804 1084 870 faeere

121 892 248 1042 publice
263 913 391 958 neeesse
406 896 489 958 eeeet
502 913 608 990 neque
622 892 690 990 eiua
705 890 927 989 condicionem
949 909 1084 974 aequam

145 978 286 1061 aberent,
309 997 434 1061 semper
453 997 489 1043 ee
509 979 712 1060 interposuit,
733 979 829 1064 atque
851 979 906 1059 rte,
929 977 966 1040 ut
978 993 1084 1056 neque

122 1082 435 1160 usuram-umquam
468 1063 509 1126 ab
543 1062 584 1126 iie
616 1061 792 1157 acceperit·
806 1079 911 1143 neque
943 1057 1084 1142 longius,
1186 1130 1188 1136 ¹

123 1144 361 1315 {dimam
369 1143 1114 1327 effidrdiiiidpffffledgidedffid

122 1319 277 1413 tepescere
299 1335 411 1412 eorum
426 1335 485 1390 aee
507 1313 647 1379 ahenum
660 1313 843 1410 patiebatur
855 1330 961 1410 neque
978 1309 1085 1406 multr-
1126 1327 1133 1342 ·

123 1393 1114 1582 {terminarenturmederer⁶

123 1571 170 1632 rte
191 1570 228 1632 ut
249 1565 385 1651 emguhe
407 1585 477 1631 aem
497 1564 598 1631 mod1i
618 1567 718 1629 trrtmr
746 1562 912 1629 darentm:
940 1583 996 1646 qur
1017 1582 1084 1626 me-

124 1651 183 1716 dua
203 1670 370 1716 mensurae
391 1649 571 1716 medimnus
593 1648 731 1714 Athenis
752 1646 941 1732 appellatur.

207 1733 270 1799 Hie
291 1737 398 1799 autem
419 1734 465 1800 eie
487 1755 520 1800 ee
542 1734 682 1820 gerebat,
704 1735 742 1798 ut
755 1730 934 1797 eommunia
955 1729 1122 1812 infimia,5

124 1840 183 1903 par
202 1819 401 1903 principibus
422 1819 592 1884 videretur.
635 1837 700 1901 quo
727 1816 849 1882 fautum
877 1818 926 1880 eet
952 1817 990 1880 ut
1011 1813 1086 1879 huie

125 1923 236 1968 omnes
249 1903 399 1985 honores,
415 1922 496 1985 quoe
509 1901 790 2049 poeeentbpubliee
803 1901 960 1964 haberent
971 1898 1086 1964 civem·

126 2006 187 2070 que
209 1986 313 2051 faeere
340 1985 518 2051 studerent:
547 2005 611 2068 quo
662 1983 795 2049 enefieio
823 1982 878 2048 ille
905 1982 955 2046 uti
980 1981 1087 2046 noluit

124 2070 225 2220 ἔξω
250 2069 400 2168 nonnulli
426 2069 473 2168 ita
498 2069 764 2168 interpretentur,
796 2065 902 2166 amitti
923 2065 1086 2162 divitatem

174 2175 304 2220 menam
324 2153 388 2220 alra
408 2153 532 2304 uecrtapi
566 2152 719 2238 quamdiu
739 2151 851 2232 adfurt,
875 2170 917 2216 ne
939 2170 1004 2234 qua
1023 2149 1116 2214 ebra

125 2243 230 2305 statua
250 2242 433 2323 poneretur,
455 2259 505 2304 ree
523 2237 588 2323 tit,
613 2238 729 2303 absens
748 2235 920 2323 prohibere
940 2254 1010 2300 non
1030 2255 1086 2318 po-

124 2324 197 2387 tuit
229 2323 338 2406 itaque
359 2323 484 2406 aliquot
497 2323 560 2418 ipsi
575 2325 608 2387 et
621 2321 754 2387 Phidiae
776 2321 856 2387 loeis
877 2318 1086 2413 eunetieeimie

124 2408 316 2490 posueruntr
354 2406 442 2469 hune
473 2425 559 2468 emm
591 2405 627 2468 in
659 2405 748 2469 omni
776 2403 1007 2551 procuratione
1040 2421 1087 2464 rer

4 2503 6 2550 t
125 2488 272 2572 publicae
293 2491 434 2554 actorem
455 2490 680 2570 auctoremque
694 2487 776 2552 habe
800 2489 865 2551 ant
901 2484 1002 2570 igitur
1022 2484 1117 2567 pri-3

126 2593 214 2638 mum
235 2571 316 2638 illud
335 2593 453 2638 munus
473 2570 638 2655 fortunae,
660 2570 747 2668 quod
767 2570 803 2636 in
824 2567 1087 2666 ea-potieeimum

4 2675 6 2746 ᾖ
126 2659 203 2723 urbe
230 2659 326 2722 natue
353 2660 415 2741 eet,
443 2655 480 2721 in
506 2677 571 2739 qua
597 2654 795 2720 domreilrum
822 2653 909 2719 orbre
930 2655 1088 2718 terrarum

4 3571 10 3918 t

126 2745 209 2807 eeaet
228 2739 371 2826 imperii,
398 2743 436 2806 ut
456 2740 590 2805 eandem
613 2742 647 2804 et
667 2739 806 2822 petriam
826 2735 959 2802 haberet
980 2738 1013 2801 et
1033 2734 1088 2801 do·

126 2846 229 2890 mum:
250 2825 313 2890 hoe
335 2825 496 2908 specimen
517 2822 721 2908 prudentiae,
743 2819 844 2906 quod,
866 2842 939 2886 eum
960 2820 996 2884 in
1016 2841 1087 2885 eam

126 2929 160 2973 se
181 2907 344 2974 civitatem
370 2908 576 2991 contulisset,
605 2908 686 2991 quae
708 2905 914 2990 antiquitate,
940 2904 1087 2969 humeni-

126 2994 193 3090 tate
225 2991 434 3090 doctrinaque
470 2994 648 3077 praestaret
679 3011 806 3073 omues,
840 3009 925 3054 unua
957 2988 988 3053 ei
1024 2986 1088 3053 fuit
1126 2987 1128 2994 ‘

126 3097 316 3143 eaneermue.

210 3159 283 3226 Hue
297 3180 337 3224 ex
351 3159 430 3225 Aria
443 3159 533 3226 Sulla
546 3159 702 3226 decedens
719 3178 792 3224 eum
806 3157 955 3241 venisset,
978 3177 1086 3240 quem·
1102 3157 1123 3218 4

127 3245 181 3310 diu'
202 3245 249 3310 ibi
270 3243 341 3328 fuit,
364 3263 472 3308 seeum
491 3243 605 3309 habuit
624 3241 855 3341 Pomponium,
878 3243 990 3325 eaptus
1012 3239 1086 3304 edu-

125 3329 275 3396 lesaentie
297 3331 330 3394 et
349 3327 549 3393 humanitate
565 3331 600 3393 et
613 3327 767 3393 dremne
804 3327 850 3393 eie
865 3326 950 3390 enim
965 3323 1086 3388 Graece

126 3413 327 3499 loquebatur,
348 3416 387 3478 ut
400 3412 539 3477 Athenis
558 3415 654 3478 natue
675 3411 851 3477 videretur:
873 3412 965 3474 unta
978 3409 1085 3472 autem

131 3499 272 3566 suavitas
299 3500 367 3564 erat
394 3516 550 3563 sermome
576 3495 699 3581 Latini,
728 3498 765 3561 ut
792 3495 960 3578 appareret
986 3492 1085 3556 ineo
