2606 3940
204 205 244 270 18
461 216 559 264 xvru.
596 214 771 282 uumerus.
795 211 834 260 ιο.
858 211 899 261 ιι.

77 366 82 375 ’
160 356 197 421 10
289 353 342 419 Sic
356 353 515 417 Eumenes
531 349 680 415 callidum
694 351 917 434 imperatorem
937 348 1017 414 vicit
1031 351 1173 418 consilio

205 437 462 520 celeritatemque
483 433 650 518 impedivit
665 434 748 516 eius,
773 453 877 516 neque
897 436 1007 497 tamen
1028 435 1174 501 multum

101 537 102 542 ’
175 537 192 586 ι
228 520 351 587 rofecit
392 541 468 584 nam
489 517 610 584 invidia
631 517 755 601 ducum,
777 537 849 582 cum
864 517 980 600 quibus
997 522 1077 603 erat,
1099 541 1175 604 per·

205 545 343 704 ddiuque
357 602 568 668 Macedonum
584 604 806 666 veteranorum
828 621 900 665 curn
916 603 1064 684 superior
1078 625 1175 688 prce·

205 691 250 755 lio
273 689 475 770 discessisset,
497 686 663 770 Antigono
686 688 735 749 est
755 649 889 767 deditus,
915 705 988 749 eum
1010 688 1175 754 exereitus

118 807 121 812 ·
207 775 238 839 ei
259 775 308 838 ter
329 774 403 837 ante
425 769 578 855 separatis
593 769 789 853 temporibus
808 771 943 834 iurasset
964 788 998 833 se
1021 791 1095 835 eum
1119 772 1175 836 de·

206 858 372 923 sensurum
392 875 497 938 neque
511 873 663 936 umquam
683 852 888 917 deserturum.
924 853 980 916 sed
994 856 1088 918 teuta
1108 855 1176 920 fuit

207 940 438 1007 nonnullorum
458 937 586 1002 virtutis
608 936 813 1021 obtrectatiO,
840 940 877 1001 ut
897 934 994 1001 fidem
1021 939 1175 1004 amittere

178 1025 341 1090 emellent
363 1043 458 1106 quam
480 1041 552 1086 eum
574 1040 642 1085 uon
662 1019 802 1119 perdere.
846 1023 941 1104 atque
965 1019 1054 1086 hunc
1076 1024 1176 1089 Anti·

207 1129 326 1195 gonus,
363 1127 435 1173 cum
462 1105 493 1170 oi
524 1104 637 1170 fuisset
663 1104 902 1188 miestissimus,
939 1112 1175 1191 conservasset,

208 1194 321 1290 siper
347 1210 421 1257 euos
449 1192 532 1254 esset
559 1188 697 1271 licitum,
730 1187 817 1272 quod
844 1188 885 1252 ob
911 1188 1001 1254 nullo
1036 1210 1070 1288 se
1097 1191 1175 1274 plus
1292 1263 1293 1278 ,

209 1275 352 1341 adruvari
373 1293 467 1358 posse
488 1272 696 1356 intellegebat
709 1271 744 1337 iu
765 1273 804 1336 iis
826 1272 930 1355 rebus,
953 1293 1032 1356 quas
1047 1295 1175 1358 impen-

209 1361 282 1425 dere
304 1360 369 1422 iam
388 1357 563 1455 apparebat
584 1355 741 1421 omnibus.
778 1356 990 1422 imminebant
1011 1357 1098 1422 enim
1117 1357 1174 1424 Se·
1292 1391 1293 1394 ι

209 1444 328 1526 leucus,
342 1440 560 1525 Lysimachus,
582 1439 792 1521 Ptolemaeus,
809 1440 922 1522 opibus
937 1439 1001 1505 iam
1016 1441 1174 1528 volentes,

210 1548 283 1592 cum
304 1526 419 1611 quibus
446 1525 475 1590 ei
497 1523 536 1588 de
565 1524 696 1588 summis
723 1523 817 1588 rebus
849 1527 918 1588 erat
944 1522 1174 1593 dimicandum.

181 1611 268 1676 leod
288 1631 357 1675 uorr
376 1609 462 1693 paesi
488 1610 564 1672 suut
583 1607 622 1691 ii,
650 1608 705 1691 qui
726 1608 811 1672 circa
836 1610 941 1691 eraut,
971 1609 1057 1691 quod
1085 1611 1175 1676 ride·

211 1696 291 1760 bant
303 1693 447 1760 Eumene
468 1694 596 1774 recepto
619 1711 729 1756 omnes
751 1711 827 1774 prae
848 1690 904 1756 illo
919 1693 1011 1775 parvi
1032 1693 1173 1761 fubrros.
1292 1697 1293 1746 ἶ

211 1779 280 1861 ipse
307 1779 415 1840 autem
441 1775 626 1860 Antigonus
653 1773 732 1840 odeo
760 1777 829 1839 crat
854 1774 1018 1858 incensus,
1045 1781 1083 1842 ut
1109 1781 1176 1844 nisi
1292 1789 1293 1824 ³

212 1881 330 1945 magna
350 1880 406 1942 spe
429 1863 638 1924 maximarum
659 1878 765 1923 rerum
786 1858 881 1923 leniri
902 1879 970 1924 non
990 1865 1110 1943 posset.

165 1947 201 2010 ll
296 1944 410 2026 Itaque
431 1963 504 2008 oum
526 1963 598 2008 eum
620 1943 655 2007 in
676 1942 852 2008 custodium
869 1942 1007 2008 dedisset
1028 1948 1061 2009 et
1082 1967 1176 2030 prae·
1292 1921 1293 1942 ἶ

211 2032 315 2094 fectus
337 2026 700 2124 custodumquaesissuet,
722 2047 816 2125 quem
838 2026 878 2090 ad
899 2026 1030 2092 modum
1052 2035 1175 2096 servari
1292 2067 1293 2120 l

212 2112 323 2195 vellet,
351 2115 399 2175 ‘ut
420 2115 618 2176 acemmum’
647 2114 753 2194 mqmt
775 2111 913 2176 ‘leonem
938 2115 994 2177 aut
1014 2111 1176 2181 ferocissi-
1292 2127 1293 2184 l

212 2216 301 2261 mum
321 2193 555 2277 elephantum’:
576 2193 720 2258 nondum
742 2195 827 2259 enim
849 2197 1018 2278 statuerat,
1046 2218 1177 2264 conser-

183 2282 305 2344 2varet
337 2299 410 2344 eum
441 2297 552 2343 necne.
602 2278 750 2344 veniebat
781 2281 887 2343 autem
922 2279 962 2343 ad
993 2279 1176 2350 Eumenem
1292 2273 1293 2284 ¹

213 2366 383 2447 utrumque
412 2382 513 2448 genus
540 2361 723 2446 homiuum,
756 2363 871 2446 etqui
900 2367 1034 2448 propter
1064 2366 1177 2434 odium

213 2448 353 2514 fructum
375 2446 475 2512 oculis
502 2468 541 2512 ex
563 2447 631 2512 eius
655 2467 729 2512 casu
756 2466 869 2530 capere
896 2447 1030 2531 vellent,
1063 2454 1177 2535 etqui

213 2535 346 2618 propter
366 2533 507 2597 veterem
528 2529 701 2595 amicitiam
722 2529 863 2678 0011οῬιὶ
883 2532 1107 2618 consolarique
1122 2557 1177 2601 cu-

136 2661 150 2682 .
214 2621 342 2701 perent,
369 2614 463 2680 multi
492 2615 603 2699 etiam,
638 2615 693 2698 qui
720 2614 787 2679 eius
830 2635 952 2680 ormam
979 2636 1178 2702 cognoscere

214 2698 394 2782 studebant,
416 2699 519 2783 qualis
541 2701 632 2782 esset,
655 2719 749 2783 quem
769 2702 836 2763 tam
858 2699 912 2764 diu
934 2703 1064 2786 temque
1082 2704 1178 2770 valde

213 2784 410 2866 timuissent,
438 2783 527 2848 cuius
555 2783 590 2848 in
611 2784 752 2866 pernicie
772 2783 910 2866 positam
936 2805 1026 2868 spem
1046 2786 1179 2854 habuis·

185 2871 289 2935 esent
309 2867 470 2935 victoriae.
513 2871 547 2933 at
567 2865 741 2947 Eumenes,
769 2886 841 2932 cum
862 2865 981 2933 diutius
1003 2870 1039 2934 iu
1061 2872 1179 2938 vinclis

215 2956 307 3036 esset,
323 2948 368 3017 eii
383 2949 595 3036 Onomarcho,
609 2971 708 3035 penes
723 2971 816 3035 quem
827 2971 952 3016 summa
965 2954 1094 3038 imperii
1109 2961 1180 3022 eret

215 3037 387 3119 custodiae,
403 3058 436 3102 se
450 3035 560 3101 mirari
592 3035 768 3119 quereiam
783 3036 914 3102 tertium
929 3036 1014 3102 diem
1028 3039 1074 3104 sio
1088 3044 1178 3106 tene-

216 3123 317 3186 retur:
351 3141 418 3186 non
447 3121 533 3185 enim
559 3085 621 3184 boo
655 3119 826 3184 convenire
853 3121 1013 3207 Antigoni
1039 3123 1179 3206 pruden-

215 3205 295 3288 tiae,
322 3207 360 3268 ut
381 3205 426 3268 sic
448 3203 629 3268 deuteretur
652 3203 750 3269 victo:
779 3204 858 3288 quin
884 3208 941 3270 aut
961 3206 1100 3286 interfici
1122 3215 1181 3275 aut

187 3290 350 3354 emissum
371 3287 442 3352 fieri
463 3287 595 3352 iuberet.
644 3287 698 3352 hic
718 3308 791 3353 cum
811 3288 949 3355 ferocius
972 3289 1180 3358 Onomarcho
1292 3353 1293 3360 ,

216 3373 307 3456 loqui
333 3371 510 3469 videretur,
540 3369 652 3455 ‘quid'l
681 3376 745 3456 tu',
767 3373 887 3457 inquit,
918 3375 1039 3440 ‘animo
1065 3376 1094 3440 si
1114 3376 1180 3442 isto

219 3475 303 3536 eres,
332 3477 389 3522 cur
408 3465 533 3522 norim
554 3455 678 3540 proelio
700 3455 847 3532 ¹cecidisti
874 3457 997 3544 potius,
1026 3479 1122 3546 quam
1144 3462 1182 3527 in
