2590 3946
204 299 226 358 4
513 306 537 355 Ι.
566 303 767 354 MILTIADES·
788 300 813 350 8.
834 299 859 349 ί.

204 464 263 508 sua
295 443 494 508 retenturum
531 442 706 524 potestate,
744 440 772 503 si
804 436 915 502 amicis
951 439 1017 504 suis
1050 439 1167 524 oppida

204 527 325 592 tuenda
350 524 548 607 tradidisset,
578 524 695 607 quibus
721 543 755 588 se
789 542 940 606 oppresso
974 521 1064 587 nulla
1096 543 1168 588 ses

205 611 318 676 salutis
339 609 582 756 relinqueretur.
625 607 660 672 in
682 607 745 671 hoc
765 606 830 670 fuit
849 610 920 671 tum
940 627 1073 672 numero
1132 607 1168 670 il·
1279 647 1281 650 -

176 695 308 761 atiades
331 693 394 782 [cui
410 693 467 758 ila
488 691 632 758 custodia
653 691 855 775 credereturl.
898 689 952 755 hic
971 711 1044 756 cum
1066 691 1168 756 crebri
1290 719 1292 730 ι

206 780 356 844 afferrent
377 777 499 859 nuntii,
522 777 605 841 male
626 795 694 840 rem
716 793 826 860 gerere
847 773 983 839 Darium
1004 777 1168 859 premique

206 886 226 929 a
248 861 385 948 Scythis,
408 859 569 926 Miltiades
588 859 743 925 hortatus¹
757 861 806 923 est
826 858 935 941 pontis
950 859 1106 944 custodes,
1128 880 1169 924 ne

206 971 226 1012 a
248 949 380 1012 fortuna
395 944 501 1010 datam
524 944 724 1010 occasionem
751 941 934 1008 liberendas
950 942 1101 1008 Graeciae
1124 943 1168 1008 di-

176 1030 382 1096 emitterent
418 1049 495 1094 nam
516 1029 544 1093 si
565 1049 637 1092 cum
659 1028 699 1092 iis
714 1026 824 1111 copiis,
847 1047 926 1109 ques
940 1046 1047 1092 secum
1068 1032 1169 1094 trena

206 1117 365 1200 portarat,
402 1112 564 1178 interisset
594 1110 727 1195 Darius,
765 1110 974 1177 nouaclum
1006 1109 1170 1196 Europam

206 1199 277 1264 iore
303 1201 422 1280 tutem,
456 1196 512 1262 sed
539 1196 636 1260 etiam
664 1216 719 1261 eos
767 1194 823 1278 qui
854 1194 965 1260 Asiam
993 1194 1171 1261 incolerent

208 1283 322 1348 Graeci
354 1301 487 1378 genere,
519 1280 638 1345 liberor
669 1301 689 1344 a
715 1245 885 1344 i’ersarum
911 1279 1039 1344 futuros
1070 1279 1170 1346 domi·

206 1367 339 1434 natione
361 1369 401 1463 et·
415 1363 574 1449 penculo:
604 1362 638 1428 id
660 1366 693 1428 et
713 1362 807 1428 facile
829 1361 914 1428 effici
934 1383 1045 1446 posse:
1071 1367 1170 1448 ponte
1291 1393 1292 1400 ι

209 1451 295 1517 enim
322 1469 455 1514 rescisso
482 1468 591 1534 regem
618 1448 669 1511 vel
695 1447 838 1512 hostium
868 1444 954 1512 ferro
982 1446 1034 1512 vel
1061 1448 1171 1532 inopia

178 1535 318 1621 epaucis
346 1532 457 1598 diebus
484 1532 698 1597 interiturum.
752 1531 792 1596 ed
818 1531 881 1596 hoc
907 1530 1076 1597 consilium
1098 1551 1171 1598 cum

207 1619 353 1705 plerique
374 1617 570 1713 accederent,
591 1615 754 1680 Histiaeus
769 1613 923 1698 Milesius,
944 1635 987 1680 ne
1008 1635 1059 1681 res
1074 1618 1171 1681 conii·

207 1706 347 1785 seretur,
370 1701 510 1783 obstitit,
533 1699 641 1764 drcens
655 1719 723 1763 non
737 1697 823 1762 idem
844 1698 932 1781 ipsis,
955 1698 1010 1782 qui
1032 1719 1170 1764 summas

208 1785 335 1870 imperii
350 1788 507 1867 tenerent,
530 1781 678 1867 expedire
700 1784 733 1847 et
747 1781 957 1866 multitudini,
979 1781 1066 1865 quod
1079 1782 1170 1848 Darii

208 1890 310 1956 regno
337 1869 481 1953 ipsorum
507 1867 665 1932 niteretur
694 1865 886 1932 dominatio:
920 1885 984 1948 quo
1013 1867 1170 1933 exstincto
1291 1921 1292 1925 ,

208 1957 297 2040 ipsos
318 1955 515 2038 potestates
559 1950 646 2017 ulsos
668 1950 791 2016 civibus
812 1949 878 2016 suis
896 1970 1017 2034 poenas
1032 1951 1170 2018 daturos.
1288 1965 1291 1982 ⁴

209 2041 319 2136 itaque
340 2037 419 2103 adeo
442 2057 476 2102 se
503 2037 675 2101 aberrare
701 2057 721 2100 a
748 2036 927 2100 ceterorum
953 2035 1104 2120 consilio,
1136 2039 1173 2101 ut

209 2122 294 2188 nilnl
319 2123 413 2205 putet
444 2120 522 2204 ipsis
551 2119 662 2184 utilius
694 2139 791 2202 quam
822 2117 1004 2186 confirmari
1036 2139 1172 2204 regnum

181 2207 389 2272 ePersarum.
424 2203 522 2268 huius
543 2223 615 2268 cum
636 2203 828 2268 sententiam
848 2200 979 2286 plurimi
1001 2208 1106 2269 essent
1126 2225 1172 2269 se-

210 2291 292 2373 cuti,
324 2287 486 2354 Miltiades
512 2307 580 2352 non
611 2285 761 2352 dubitans
792 2290 860 2350 tam
893 2286 1002 2351 multis
1035 2288 1172 2353 consciis

210 2375 251 2441 ad
271 2372 357 2472 regis
379 2391 471 2438 aures
493 2371 628 2437 consilia
648 2392 707 2436 sua
720 2373 923 2454 perventum,
938 2368 1173 2437 Chersonesum

210 2459 343 2543 reliqmt
370 2478 407 2522 ac
428 2477 537 2522 rursus
557 2456 703 2520 Athenas
731 2454 930 2540 demigravit.
972 2456 1063 2521 cuius
1089 2457 1172 2521 ratio

211 2543 272 2608 etsi
292 2561 360 2607 non
382 2540 498 2623 valuit,
525 2543 633 2605 tamen
660 2559 779 2624 magno
807 2559 903 2622 opere
930 2541 979 2603 est
1005 2538 1172 2623 laudanda,
1290 2521 1291 2604 i

212 2647 285 2694 cum
307 2625 440 2692 amicior
457 2624 601 2690 omnium
623 2623 764 2688 libertati
785 2643 882 2705 quam
903 2641 980 2686 suae
1000 2621 1099 2686 fuerit
1120 2622 1174 2687 do·

212 2710 394 2776 minutioni.

175 2794 198 2858 4
296 2792 415 2859 Darius
429 2795 546 2876 autem,
560 2811 633 2857 cum
649 2810 687 2855 ex
701 2788 834 2874 Iluropa
855 2790 890 2853 in
904 2788 1016 2854 Asiam
1031 2789 1173 2874 redisset,

213 2877 419 2944 hortantibus
441 2876 565 2959 amicis,
592 2877 630 2939 ut
656 2873 822 2940 Graeciam
842 2872 1003 2958 redigeret
1027 2873 1063 2938 in
1085 2895 1175 2940 suam

212 2963 414 3047 potestatem,
437 2960 569 3026 classem
591 2959 840 3056 quingentarum
860 2956 991 3022 navium
1013 2977 1175 3058 compara·

215 3048 264 3110 rit
292 3045 384 3129 eique
412 3043 522 3110 Datim
569 3042 701 3108 raeiecrt
727 3045 760 3107 st
786 3041 1175 3128 Artahemem,h1eque

215 3130 354 3196 ducenta
367 3128 520 3214 pediturn,
543 3065 651 3192 decem
666 3125 810 3209 equitum
826 3062 916 3190 milia
930 3125 1026 3213 dedit,
1048 3147 1176 3192 causam

214 3216 423 3295 interserens,
461 3231 495 3277 se
527 3211 652 3276 hostem
686 3229 753 3275 esse
787 3209 1053 3294 Atheniensibus,
1090 3210 1176 3294 quod
1288 3267 1290 3280 .

215 3319 326 3366 eorum
341 3295 461 3362 auxilio
471 3294 566 3360 Iones
581 3292 689 3360 Sardis
703 3315 785 3378 expu
833 3299 941 3361 assent
953 3314 1074 3378 suaque
1087 3315 1176 3379 prae·

184 3383 297 3448 aridia
328 3379 572 3447 interfecissent
626 3378 675 3444 illi
730 3399 783 3444 rao
799 3380 859 3445 ecti
893 3379 975 3464 regii
1008 3379 1108 3444 classe
1138 3379 1177 3445 ad

214 3465 379 3532 Euboeam
394 3463 529 3549 appulsa
548 3399 734 3529 celeriter}

214 3571 278 3635 que
305 3551 373 3615 eius
400 3548 506 3635 gentis
528 3548 613 3614 cives
635 3548 785 3632 abreptos
810 3549 846 3612 in
868 3547 980 3613 Asiam
1007 3547 1048 3613 ad
1069 3568 1177 3635 regem

736 3463 865 3530 retriam
885 3467 1040 3547 ceperunt
1054 3483 1177 3530 omnes·
1289 3513 1290 3522 ,
