2606 3940
199 249 262 315 110
478 265 562 315 xxv.
597 265 751 316 amrcus
774 262 882 313 ra-re.

149 400 186 466 16
281 399 499 467 Humanitatis
520 421 596 466 vero
611 401 738 466 nullum
757 400 881 466 adiens
902 400 1004 466 maius
1019 402 1162 467 testimo·

194 485 288 635 Ψ
301 507 452 634 posaffi·
458 505 555 569 quarn
569 485 656 569 quod
668 484 953 635 sdizllescenafiidfim
951 485 1054 634 Bscutio
1052 484 1161 552 Sullae

278 591 376 635 ruouu
426 590 524 635 armus
555 590 693 635 aenexa
750 590 843 634 escen
928 618 936 634 .
981 591 1020 634 ru
1087 591 1161 636 oum

194 653 382 736 aequalibus
402 656 510 720 autem
524 618 602 719 'suis
628 652 665 731 Q.
687 652 862 719 Hortensio
884 657 918 718 et
937 652 983 718 u.
1006 618 1161 719 Oitierone

194 737 241 804 aio
262 738 359 821 vixit,
387 741 424 804 ut
444 737 586 803 iudicare
613 736 743 802 difficile
770 739 828 821 sit,
857 738 909 802 cui
936 737 1035 802 aetati
1060 737 1161 804 fuerit

164 821 398 972 aeftrissirgustia
425 842 620 971 quarguquarn
632 842 708 982 aum
717 821 896 972 {5¹²⁰de
911 820 1022 970 dilexitt
1037 821 1159 971 Οὶῖοξο,

194 927 217 971 u
252 927 294 971 ne
347 927 416 971 ar
458 927 618 971 uramar
660 927 718 970 um
792 926 897 972 mmor
932 925 1000 971 nan
1036 927 1077 970 au
1127 927 1160 970 a·

164 989 361 1056 amilian'or.
406 927 504 1054 aiqrei
525 992 602 1054 suut
621 989 741 1056 indicio
762 993 890 1075 praeter
911 1010 966 1054 eoa
987 988 1102 1072 libros,
1124 991 1160 1054 in

195 1072 378 1157 quibusda
401 1093 439 1139 eo
466 1073 545 1139 fucit
565 1074 778 1158 mentionem,
806 1074 862 1158 qui
888 1075 924 1139 in
945 1073 1061 1159 vulgus
1083 1078 1161 1140 sunt

194 1157 282 1243 editi,
303 1157 440 1224 sedecim
468 1158 634 1224 volumina
663 1159 888 1242 epistolarum,
921 1158 962 1222 ab
990 1157 1159 1223 consulatu

194 1241 262 1308 eius
283 1261 385 1326 usque
406 1241 448 1307 ad
475 1245 651 1308 extremum
672 1246 738 1309 tem
761 1264 799 1307 us
821 1243 862 1307 ad
883 1241 1028 1307 Atticum
1049 1243 1159 1308 missa-

193 1346 281 1391 rum:
303 1347 386 1411 quaa
407 1325 464 1409 qui
484 1326 581 1410 legat,
601 1346 670 1391 non
686 1264 825 1392 multum
847 1325 1039 1393 desiderabit
1059 1325 1167 1404 histo,

165 1409 276 1474 triam
298 1413 481 1476 contextam
502 1430 612 1475 eorum
634 1413 824 1495 temporum
868 1409 913 1475 sic
941 1410 1028 1474 enim
1049 1410 1159 1477 omnia

195 1492 234 1557 de
255 1493 369 1559 studiis
390 1493 582 1579 principum,
604 1493 691 1560 vitiis
710 1495 835 1577 ducum,
857 1493 1090 1560 mutationibus
1111 1496 1159 1559 rei

193 1577 340 1661 publicae
366 1577 544 1662 perscripta
570 1581 660 1662 sunt,
688 1582 725 1643 ut
745 1577 829 1642 nihil
849 1577 885 1642 iu
912 1577 952 1642 iis
973 1598 1042 1644 non
1062 1599 1159 1663 appa·

192 1665 263 1728 reat
289 1665 321 1727 et
342 1661 436 1728 facile
459 1662 634 1727 existimari
656 1663 767 1746 possit,
790 1661 996 1745 prudentiam
1017 1662 1159 1745 quodam

192 1745 290 1811 modo
312 1766 379 1812 asse
407 1745 649 1812 divinationem.
692 1767 760 1812 non
788 1745 876 1810 onim
904 1744 1016 1812 Cicero
1043 1766 1080 1811 aa
1106 1767 1159 1812 so·

193 1828 276 1913 lum,
298 1848 379 1913 quae
402 1829 475 1894 rivo
499 1851 532 1895 se
553 1830 751 1913 acciderunt,
777 1830 886 1895 futura
907 1829 1079 1913 praedixit,
1102 1831 1158 1895 aad

194 1912 290 1980 etiarn
329 1934 410 1997 quae
432 1935 519 1979 nunc
540 1934 600 1980 usu
621 1915 771 1998 veniunt,
795 1913 912 1980 cecinit
931 1917 969 1979 ut
990 1917 1088 1979 vates.

149 1997 184 2062 17
279 1961 329 2062 Ile
355 1998 475 2082 pietate
497 2001 605 2063 autem
626 1998 727 2064 Attici
771 1998 826 2063 uid
847 1998 941 2082 pluro
967 2018 1157 2065 commemo·

193 2080 285 2146 rom?
329 2101 401 2146 cum
422 2082 485 2148 hoc
505 2082 612 2167 ipsum
633 2103 706 2147 vere
749 2019 924 2148 ioriantem
945 2082 1100 2148 audierim
1121 2083 1157 2148 in

193 2163 306 2230 lunera
321 2164 432 2230 matria
448 2186 534 2249 suaa,
552 2186 648 2249 quam
665 2102 780 2231 exuis
793 2187 952 2232 annorum
966 2167 1156 2251 nonaginta,

193 2267 266 2313 cum
293 2248 361 2331 ipsa
388 2253 472 2313 esset
498 2252 620 2332 septam
651 2254 684 2314 et
710 2250 893 2336 sexaginta,
925 2270 959 2316 sa
980 2271 1157 2334 numquam

193 2351 267 2397 cum
287 2335 389 2396 matre
418 2331 453 2398 in
481 2332 618 2431 gratiam
645 2332 776 2418 redisse,
804 2355 980 2418 numquam
1007 2355 1080 2400 cum
1107 2355 1156 2401 so·

80 2477 84 2488 ,
192 2435 266 2481 rore
287 2414 385 2482 tuisse
407 2417 442 2481 in
464 2417 765 2502 simultate,.quam
785 2439 888 2503 prope
913 2417 1079 2502 aequalem
1101 2418 1156 2485 ha-

164 2499 300 2567 abebat.
343 2501 430 2598 quod
451 2504 500 2567 est
520 2502 649 2588 signum
676 2505 732 2568 aut
751 2502 875 2568 nullam
897 2523 1049 2587 umquam
1071 2503 1157 2569 inter

193 2603 248 2650 eos
270 2585 504 2668 quanmoniam
524 2585 750 2670 intercessisse,
772 2589 829 2653 aut
841 2586 928 2652 hunc
948 2608 986 2652 ea
1000 2586 1099 2653 fuisse
1120 2587 1156 2652 in

192 2687 268 2740 auos
289 2668 506 2754 indulgentia,
528 2672 580 2753 ut,
602 2689 683 2768 quos
705 2691 812 2736 amare
834 2669 972 2755 deberet,
994 2671 1088 2736 irasci
1109 2671 1156 2736 ais

163 2750 285 2816 anafaa
307 2751 444 2828 duceret
487 2774 591 2838 neque
613 2753 646 2819 1d
667 2753 745 2820 iecit
765 2757 883 2820 natura
909 2755 1024 2838 solum,
1047 2775 1156 2839 quam·

193 2857 290 2919 quam
316 2855 428 2902 omnes
455 2837 486 2902 ei
506 2859 671 2923 paramus,
694 2838 749 2904 sed
771 2838 868 2904 etiam
891 2838 1051 2905 doctrina:
1079 2859 1155 2904 nam

192 2919 662 3020 principumphilosophorum
689 2922 736 2988 ita
756 2926 908 3007 percepta
931 2921 1046 2988 habuit
1065 2944 1157 3007 prae·

192 3007 299 3087 cepta,
311 3007 358 3152 tgt
378 3004 481 3154 ugrad
502 3009 602 3072 rutum
623 3005 795 3092 agendam,
816 3028 886 3072 non
907 3005 947 3072 ad
968 3007 1156 3073 ostentatio·

191 3107 267 3152 nam
289 3109 310 3152 u
344 3109 378 3152 re
434 3138 441 3154 .

146 3169 183 3236 18
278 3168 379 3237 Moris
393 3172 491 3238 etiam
504 3174 661 3239 maiorum
684 3195 825 3241 summus
839 3175 984 3242 imitator
997 3175 1061 3242 fuit
1074 3175 1157 3241 anti-

193 3254 389 3339 quitatisque
421 3259 558 3322 amator:
598 3278 695 3341 quam
728 3257 807 3324 adeo
841 3259 1012 3344 diligenter
1041 3259 1157 3325 habuit

193 3339 366 3424 cognitam,
390 3343 428 3406 ut
448 3359 519 3406 earn
540 3343 643 3406 totam
664 3342 700 3408 in
721 3363 759 3408 ao
781 3343 945 3408 volumine
963 3343 1156 3428 exposuerit,

164 3433 260 3506 aquo
289 3423 495 3508 magistratus
522 3423 692 3491 ordinavit
740 3425 831 3492 nulla
860 3427 946 3492 anim
972 3427 1025 3492 lex
1050 3449 1075 3494 n
1115 3447 1157 3492 ue

194 3524 257 3587 pax
277 3526 381 3590 neque
403 3509 524 3576 bellam
538 3529 642 3593 neque
663 3529 714 3576 res
734 3510 868 3576 illustris
890 3515 939 3577 est
958 3511 1072 3596 populi
1144 3547 1158 3562 -
