2606 3940
386 262 472 311 xv11.
505 261 707 312 sosarmus.
729 259 805 310 4-o.
1034 249 1076 314 69

113 395 313 480 nocuissent,
340 401 397 462 aut
422 419 490 462 non
518 397 719 483 gravioribus
769 399 859 464 cenis
886 397 987 482 affici,
1019 401 1075 484 qui

113 480 304 566 religionem
326 482 523 565 minuerent,
547 503 642 565 quam
664 482 719 566 qui
741 421 818 548 fana
838 482 1023 567 spoliarent

197 563 277 628 Post
302 564 366 630 hoc
391 565 550 650 proelium
577 566 729 632 collatum
757 587 851 633 omne
878 567 999 631 bellum
1028 565 1111 632 est5

114 649 197 730 circa
212 647 404 714 Corinthum
425 648 560 733 ideoque
576 649 780 716 Corinthium
802 654 850 716 est
867 651 1072 734 appellatum.

113 731 166 796 hic
188 752 261 798 cum
282 754 348 797 una
371 754 481 818 pugna
507 733 615 799 decem
642 735 732 799 milia
758 734 901 800 hostium
922 734 1073 820 Agesilao
1089 745 1126 795 2Χ

114 815 192 881 duce
209 816 398 882 cecidissent
419 837 520 903 eoque
541 818 627 882 facto
650 839 726 900 opes
748 819 1003 884 adversariorum
1024 819 1076 884 ds·

112 900 258 966 bilitatae
280 899 473 985 viderentur,
498 905 625 967 tantum
647 901 729 968 afuit
750 903 790 967 ab
812 903 986 966 insolentia
1006 903 1076 989 glo·

113 985 196 1068 riae,
219 987 256 1049 ut
277 985 516 1051 commiseratus
544 987 586 1050 sit
607 985 771 1051 fortunam
793 986 961 1071 Graeciae,
989 987 1076 1084 quod

113 1073 181 1133 tarn
208 1069 302 1134 multi
328 1091 401 1135 ase
429 1068 516 1134 victi*
535 1069 614 1135 vitio
642 1070 895 1136 adversariorum
922 1071 1076 1156 concrdis·

113 1155 201 1217 sent:
228 1174 366 1237 namque
392 1153 449 1217 illa
471 1153 693 1238 multitudine,
723 1155 751 1219 si
771 1176 850 1220 sana
870 1175 961 1219 mens
983 1158 1074 1237 essct,

114 1235 266 1302 Graeciae
299 1237 491 1335 supplicium
521 1237 634 1303 Persas
667 1237 741 1304 dare
773 1238 924 1323 potuisse.
979 1237 1105 1323 idem‚³

114 1342 187 1386 cum
208 1321 404 1386 adversarios
426 1322 513 1386 intra
533 1323 662 1388 moenia
683 1323 889 1407 compulisset
911 1326 944 1388 et
963 1325 1002 1389 ut
1016 1321 1077 1388 Co-

113 1405 258 1484 rinthum
287 1409 489 1490 oppugnaret
515 1406 609 1471 multi
635 1407 856 1491 hortarentur,
884 1407 1016 1504 negavit
1043 1407 1077 1472 id

113 1509 190 1554 suae
218 1489 331 1553 virtuti
353 1490 539 1555 convenire:
562 1511 595 1554 se
619 1491 796 1555 enimcum
819 1511 886 1556 esse
908 1491 998 1574 dixit,
1020 1491 1077 1574 qui

113 1574 155 1636 ad
177 1571 319 1636 officium
333 1577 502 1656 peccantes
523 1573 626 1646 redire
647 1578 791 1672 cogeret,
813 1595 882 1640 non
903 1576 959 1672 qni
980 1575 1075 1639 urbes

113 1656 330 1722 nobilissimas
360 1661 558 1743 expugnaret
587 1658 748 1725 Graeciae.
792 1666 880 1723 ‘nam
901 1664 941 1723 sr’
968 1657 1107 1740 inquitl

115 1745 182 1806 ‘eos
203 1740 405 1828 exstinguere
428 1742 638 1840 voluerimus,
660 1743 716 1826 qui
737 1743 905 1808 nobiscum
926 1741 1077 1807 adversus

114 1825 268 1890 barbaros
289 1829 457 1909 steterunt,
478 1831 605 1892 nosmet
626 1827 689 1910 rpsi
709 1847 770 1893 nos
787 1826 1077 1912 expugnaverimus

114 1909 181 1972 illis
204 1909 449 1992 quiescentibus.
486 1931 550 1993 quo
573 1911 658 1974 lacto
680 1911 749 1974 sine
763 1911 906 1994 negotio,
929 1931 1002 1975 cum
1023 1932 1077 1974 vo·

113 1992 249 2074 luerint,
276 2014 336 2058 nos
357 1992 562 2077 oppriment.²

199 2075 333 2141 Interim
355 2077 471 2142 accidit
492 2077 549 2142 illa
570 2077 733 2142 calamitas
755 2075 841 2162 apud
862 2076 999 2142 Leuctra
1019 2073 1113 2142 Lao

115 2159 337 2226 cedaemoniis.
369 2215 370 2220 ,
402 2183 445 2226 uo
466 2182 508 2226 ne
529 2161 798 2246 proficisceretur,
827 2182 900 2227 cum
927 2161 1077 2245 apleris·

114 2183 463 2393 raresco
478 2247 752 2395 piscarius
773 2243 1077 2394 messis·

115 2415 183 2478 tam
205 2376 408 2496 hppugnaret
429 2416 574 2496 essetque
588 2378 660 2476 sine
679 2351 779 2476 muris
794 2411 957 2495 oppidum,
1026 2433 1077 2476 em

114 2517 149 2562 se
175 2495 401 2578 imperatorem
428 2495 590 2592 praebuit,
620 2499 657 2559 ut
684 2515 723 2560 eo
755 2498 901 2578 tempore
928 2495 1077 2559 omnibus

114 2577 979 2747 triffillqllsllilhslfflrtltl
1000 2599 1107 2727 aaz

115 2746 181 2812 silii
213 2747 310 2814 saluti
337 2747 401 2812 luit
430 2747 597 2812 universis.
645 2760 722 2811 nam
749 2767 821 2812 cum
851 2745 981 2831 quidam
1001 2745 1077 2813 alu-

114 2832 298 2917 lescentuli,
320 2831 463 2897 hostium
484 2831 624 2897 adventu
645 2831 822 2915 perterriti,
845 2831 885 2896 ad
906 2829 1077 2896 Thebanos

115 2914 317 3000 transfugere
338 2916 460 2981 vellent
481 2919 514 2980 et
527 2915 634 2981 locum
656 2918 745 2980 extra
759 2914 871 2979 urbem
886 2914 1007 3004 editum
1028 2935 1077 2979 oe·

114 2999 247 3084 pissent,
269 2999 448 3084 Agesilaus,
469 2999 526 3084 qui
540 2999 845 3084 perniciosissimum
859 2999 929 3064 fore
944 2998 1076 3082 rideret,
1193 3055 1198 3064 .

114 3083 143 3148 si
164 3081 421 3148 animadversum
442 3086 539 3166 esset,
562 3104 755 3167 quemquam
777 3083 819 3148 ad
844 3082 953 3148 hostes
974 3085 1077 3148 trans·

114 3167 226 3264 lugere
248 3167 373 3251 conari,
396 3189 469 3233 cum
490 3168 556 3232 suis
578 3188 616 3234 eo
639 3168 860 3252 renitetque,
882 3171 920 3232 ut
939 3167 968 3233 si
988 3167 1076 3232 bono

5 3269 7 3290 i
114 3270 222 3316 annno
237 3249 397 3334 fecissent,
418 3250 561 3316 laudavit
575 3252 745 3317 ocnsssium
759 3273 880 3332 eorum,
902 3249 989 3335 quod
1003 3271 1077 3314 eum

114 3335 221 3400 locum
251 3337 475 3419 occupassent,
508 3339 541 3400 et
572 3357 606 3402 se
638 3356 766 3420 quoque
796 3335 830 3399 id
861 3334 931 3399 lieri
963 3333 1077 3397 debere

115 3418 385 3484 animadvertisse.
420 3419 466 3484 sic
487 3417 706 3485 adulescentes
720 3419 871 3484 simulata
891 3416 1106 3482 laudationes

115 3504 313 3569 recuperavit
346 3505 379 3568 et
412 3502 570 3569 adiunctis
604 3503 643 3568 de
673 3503 741 3570 suis
774 3500 944 3570 comitibus
970 3499 1075 3566 locum
