2590 3946
458 227 482 275 1.
511 227 713 276 nrarrnoss.
734 223 759 274 s.
780 221 805 274 e.
1081 213 1101 276 ‘l

141 365 236 429 rebus
269 363 470 428 discessisset.
521 382 559 427 eo
581 366 723 445 tempore
750 381 844 446 aeger
872 365 940 426 erat
966 362 1103 428 vulneri·
1187 438 1191 448 Ι

141 448 210 531 bus,
233 468 314 544 quae
341 447 376 510 in
399 445 616 542 oppugnando
639 445 756 529 oppido
779 449 950 530 acceperat.
994 447 1103 544 itaque

140 552 328 679 rursu
344 529 1133 697 tu,⁸adnotant‘sapietati0

1 714 7 735 ¹
141 703 192 764 tus
224 697 361 782 pecunia
394 718 426 761 m
461 700 546 763 tatus
579 700 642 780 est,
672 717 771 780 eaque
799 697 839 761 lis
866 697 1103 782 quinquaginta

141 783 270 847 talentis
292 781 460 846 aestimata
491 785 555 860 est,
579 783 717 863 quantus
739 781 774 845 in
796 781 928 845 classem
957 784 1104 864 sumptus

141 866 244 930 faetus
273 868 350 929 erat
400 864 483 930 hano
510 865 679 962 pecuniam
701 864 787 947 quod
808 864 932 929 solvere
959 864 994 928 in
1014 885 1103 946 prae·

141 949 246 1014 sentia
267 970 334 1014 non
355 951 490 1032 poterat,
513 969 549 1012 m
570 947 699 1014 vincula
719 948 848 1032 publica
869 948 1033 1013 eonieetus
1055 951 1105 1013 est

142 1033 250 1116 ibique
273 1032 356 1097 diem
379 1033 460 1097 obiit
481 1053 673 1114 supremum.

225 1116 287 1180 Hie
310 1117 369 1180 etsi
391 1116 523 1180 erimine
538 1116 633 1182 Pario
657 1118 705 1181 est
719 1118 894 1198 aecusatus,
909 1120 1018 1181 brnen
1039 1115 1103 1180 alia
1119 1116 1142 1182 8

142 1220 236 1266 oausa
250 1199 314 1264 fuit
328 1200 552 1265 damnationis.
584 1220 722 1283 namque
737 1199 950 1264 Athenienses
971 1202 1104 1282 propter

141 1283 301 1349 Pisistrati
321 1284 533 1367 tyrannidem,
556 1305 637 1366 quae
651 1284 761 1366 paucis
776 1283 869 1348 annis
890 1288 965 1348 ante
986 1283 1103 1365 fuerat,

142 1369 286 1432 omnium
323 1367 442 1432 eirium
470 1388 601 1432 suorum
632 1368 810 1450 potentiam
843 1367 1102 1432 extimescebant.

141 1450 311 1532 Miltiades,
333 1451 470 1514 multum
491 1450 526 1514 in
547 1451 689 1533 imperiis
710 1451 1018 1541 magistratibusque
1034 1463 1133 1515 ver-a
1198 1531 1201 1536 Δ

141 1539 245 1617 satus,
268 1554 335 1598 non
357 1532 524 1598 videbatur
544 1555 720 1630 possessae
741 1535 894 1617 privatus,
916 1535 1104 1617 praesertim

143 1639 215 1686 eum
238 1617 467 1683 consuetudine
489 1617 530 1682 ad
546 1617 672 1701 imperii
690 1618 897 1713 cupiditatem
917 1618 1003 1682 trahi
1019 1617 1103 1682 vide·

142 1706 239 1767 retur.
289 1722 364 1765 nam
387 1699 577 1766 Chersonesi
599 1721 709 1766 omnes
735 1701 809 1766 illos
837 1721 917 1785 quos
941 1700 1135 1766 habitarate

142 1807 244 1851 annos
277 1788 463 1868 perpetuam
497 1785 679 1849 obtinuerat
712 1784 973 1882 dominationem
996 1787 1104 1868 tyran·

142 1889 267 1951 nusque
289 1867 395 1932 fuerat
409 1890 448 1951 ap
473 1867 596 1950 allatus,
619 1867 674 1932 sed
687 1868 799 1932 iustus.
839 1889 906 1933 non
928 1869 1103 1932 eratenim

144 1954 176 2017 vi
191 1954 389 2034 consecutus,
412 1889 470 2014 sed
481 1971 611 2015 suorum
626 1951 802 2034 voluntate,
818 1971 951 2034 eamque
955 1954 1105 2098 ,fimm‘

144 2040 210 2099 tem
237 2035 380 2099 bonitate
402 2035 571 2099 reddebat.
622 2055 733 2098 omnes
761 2037 868 2099 autem
894 2036 928 2099 et
979 2034 1105 2098 ’eantur

144 2123 177 2184 et
198 2120 357 2184 habentur
379 2118 517 2202 tyranni,
541 2118 596 2200 qui
617 2121 775 2202 potestate
797 2121 874 2183 sunt
894 2138 933 2201 pe
974 2121 1048 2182 etua
1069 2119 1105 2182 in

144 2224 182 2268 ea
203 2204 346 2284 civitate,
369 2223 450 2285 quae
474 2201 621 2267 libertate
649 2223 706 2266 usa
732 2205 789 2267 est.
833 2201 889 2266 sed
909 2203 944 2265 in
994 2201 1136 2266 iltiadee

144 2290 213 2352 erat
235 2307 307 2351 eum
328 2307 452 2350 summa
472 2286 665 2368 humanitas,
686 2289 755 2350 tum
776 2285 858 2350 mira
882 2285 1104 2368 communitas,

145 2375 182 2434 ut
203 2389 298 2434 nemo
321 2373 388 2432 tam
409 2368 540 2434 humilis
562 2372 660 2452 esset,
682 2370 734 2433 eui
754 2389 823 2433 non
844 2367 884 2432 ad
906 2390 979 2433 eum
1000 2369 1105 2434 aditus

145 2456 284 2536 pateret3
306 2471 424 2536 magna
446 2453 618 2517 auctoritas
634 2452 719 2534 apud
740 2471 850 2516 omnes
872 2452 1025 2534 civitates,
1048 2472 1106 2524 no·

145 2536 209 2601 bile
236 2556 372 2618 nomen,
393 2536 463 2599 laus
484 2536 531 2599 rei
552 2535 700 2598 militaris
721 2535 868 2599 maxima.
905 2534 983 2599 haee
1004 2555 1106 2618 popu·

145 2620 195 2685 lus
215 2619 388 2704 respieiens
404 2619 519 2683 maluit
539 2618 630 2684 illum
645 2618 813 2683 innoxium
834 2618 931 2701 plecti
954 2638 1050 2701 quam
1071 2637 1108 2684 se

146 2703 265 2769 diutius
287 2724 355 2768 esse
376 2703 411 2766 in
432 2703 556 2768 timore.

389 3059 435 3134 Π.
488 3053 852 3131 THEMISTOOLES.

230 3203 476 3288 Themistoeles,
498 3204 613 3271 Neocli
634 3205 733 3287 lilius,
756 3202 973 3268 Atheniensis.
1009 3202 1143 3268 huiusl

147 3291 226 3355 vitia
253 3289 395 3354 ineuntis
423 3287 654 3354 adulescentiae
682 3288 808 3374 magnis
839 3290 914 3352 sunt
941 3285 1109 3351 emendate

147 3374 334 3457 virtutibus,
368 3371 447 3438 adeo
475 3375 512 3436 ut
539 3371 736 3436 anteferatur
766 3371 841 3435 huie
868 3391 979 3452 nemo,
1012 3369 1108 3452 pauoi

147 3479 239 3543 pares
259 3459 422 3543 putentur.
459 3454 514 3520 sed
535 3457 575 3518 ab
597 3455 691 3520 initio
713 3458 763 3520 est
783 3452 979 3520 ordiendum.
1016 3455 1108 3538 pater
