2590 3946
210 211 254 276 24
487 225 547 275 vn.
577 225 797 273 sacraremus.
824 223 898 272 1-s.

481 463 560 538 ιιι.
606 444 903 562 meramors.

176 613 194 678 1
298 611 494 693 meruisses,
522 611 646 678 ornias
667 601 768 694 nnus,
796 611 1013 676 noemma.
1056 564 1177 676 aaa

213 695 289 794 quid
309 701 426 762 natura
448 695 574 760 efficere
595 697 716 786 possit,¹
729 694 856 760 videtur
870 699 1009 780 experta
1049 701 1177 760 constet

212 783 299 845 enim
319 783 404 845 inter
426 801 546 863 omnes,
590 780 624 843 ui
646 779 684 842 de
707 799 744 844 eo
767 780 939 844 memoriae
953 778 1175 862 prodidenunt,

211 865 294 928 nihil
316 865 373 929 illo
395 801 716 952 iuisse'cxcdilcniius
731 865 782 927 vel
804 865 840 927 in
861 863 948 926 vitiis
970 863 1022 926 vel
1048 864 1084 926 in
1112 864 1176 928 vir·

182 948 346 1012 rictibus.
399 951 495 1012 natus
521 949 571 1012 in‘
584 947 780 1030 amplissime
809 947 939 1010 civitate
966 965 1091 1012 summo
1121 966 1175 1031 gc·

212 1052 303 1114 nere,
326 1032 470 1096 omnium
492 1031 605 1094 aetatis
621 1051 703 1110 suae
724 1030 826 1095 multo
847 1031 1112 1111 formosissimus,
1134 1029 1175 1092 ed

213 1135 323 1180 omnes
339 1135 391 1180 res
419 1117 513 1198 aptus
538 1115 726 1198 consiliique
753 1114 867 1198 plenus
909 1134 1048 1196 namque
1075 1116 1175 1196 impe·

211 1203 300 1296 rator
315 1199 394 1297 ‚fuit
420 1219 562 1296 summus
589 1203 622 1262 et
649 1199 730 1270 mari
756 1183 808 1261 ets
816 1205 930 1281 terra,
958 1198 1109 1280 disertus,
1138 1195 1176 1261 ut

211 1303 385 1431 titt
404 1281 1175 1450 tssttustttmtjttttbbtt

183 1451 374 1536 cresistere,
402 1449 504 1538 dives,
535 1471 608 1514 cum
635 1455 760 1534 tempus
793 1455 952 1535 posceret,
985 1449 1174 1530 laboriosus,

211 1536 348 1620 patiens,
370 1533 521 1617 hberaiie,
543 1533 728 1617 splendidus
743 1555 811 1598 non
825 1535 931 1598 minus
946 1534 982 1598 in
996 1533 1064 1597 vita
1077 1553 1175 1617 quem

212 1620 310 1703 victu,
332 1617 478 1702 effabilis,
499 1617 645 1700 blandus,
666 1619 865 1700 temporibus
887 1617 1089 1684 callidissime
1110 1637 1173 1682 ser·

183 1705 319 1767 oriens:
341 1701 436 1781 idem,
458 1701 553 1766 simul
574 1721 611 1764 ac
633 1721 667 1764 se
680 1703 846 1765 remiserat
859 1717 964 1786 neque
985 1719 1080 1784 causa
1101 1703 1174 1764 sub·

213 1792 282 1850 arat
303 1805 401 1870 quare
422 1786 522 1870 animi
542 1785 685 1848 laborem
706 1784 871 1868 perferret,
893 1785 1074 1850 luxuriosus
1080 1833 1089 1867 ,
1111 1785 1173 1848 dis·

212 1869 350 1954 solutus,
382 1868 586 1952 libidinosus,
620 1869 838 1952 intemperans
870 1870 1101 1952 reperiebatur,
1136 1871 1175 1934 ue

212 1974 324 2018 omnes
342 1952 589 2035 admirarentur,
610 1953 647 2018 in
660 1973 726 2018 uno
746 1953 878 2017 homine
890 1957 1096 2017 tentamesse
1108 1952 1173 2015 dis-

213 2035 454 2102 similitudinem
476 2041 606 2119 tammo
628 2037 785 2101 diversam
806 2042 964 2102 naturam.
1073 2085 1078 2094 .

177 2121 198 2186 2
297 2119 460 2184 Educatus
487 2120 596 2183 estin
623 2119 718 2183 domo
739 2121 856 2184 Pericli
877 2120 1059 2203 (priuignus
1087 2121 1174 2184 enim

214 2205 281 2268 eius
308 2204 408 2268 fuisse
441 2202 585 2287 dicitur),
618 2203 760 2266 eruditus
794 2224 813 2265 a
840 2201 979 2266 Socrate.
1027 2195 1174 2267 socerdm

212 2287 327 2351 habuit
347 2285 580 2384 Hipponicum
599 2287 743 2368 omnium
766 2284 887 2350 Graece
908 2287 1021 2370 lingua
1040 2282 1174 2369 loquen-

213 2373 294 2436 tium
323 2369 530 2448 dirisumum,
557 2371 609 2451 ut,
637 2371 665 2434 si
687 2371 762 2452 'ipse'
786 2371 907 2453 fingere
934 2369 1048 2453 vellet,
1068 2389 1176 2454 neque

212 2455 306 2540 plura
332 2455 419 2519 bona
440 2454 585 2518 eminisci
604 2471 710 2537 neque
736 2455 858 2518 maiora
881 2458 990 2538 posset
1011 2456 1175 2542 consequi,

183 2554 311 2624 nquam
344 2539 396 2602 vel
427 2541 543 2602 natura
576 2539 627 2601 vel
662 2539 794 2602 fortuna
823 2539 987 2616 tribuerat.
1041 2539 1175 2618 incunte

213 2617 428 2688 adulescentia
454 2625 578 2686 amatus
606 2626 654 2686 cst
680 2642 701 2685 c
721 2623 830 2686 multis
855 2640 945 2688 more
967 2622 1174 2704 Graecorum,

213 2710 248 2770 in
270 2708 315 2769 eis
337 2729 357 2770 a
378 2705 523 2788 Socrate,
553 2706 592 2769 de
619 2726 682 2789 quo
704 2709 901 2771 mentionem
922 2708 1002 2770 iacit
1022 2706 1115 2770 Plato
1138 2708 1173 2770 in

213 2793 385 2873 symposio.
421 2811 560 2872 namque
581 2809 654 2853 cum
675 2788 802 2853 induxit
815 2795 1117 2855 commemorantem
1140 2809 1174 2852 ee

212 2875 417 2957 pernoctasse
444 2894 518 2938 cum
549 2871 680 2938 Socrate
710 2892 815 2956 neque
848 2874 941 2954 aliter
968 2875 1007 2938 ab
1041 2893 1079 2937 eo
1105 2893 1174 2936 sur-

183 2960 348 3041 brexisse,
383 2977 420 3020 ac
446 2958 578 3020 filiusa
604 2960 737 3039 parente
763 2957 916 3022 debuerit
965 2961 1174 3042 posteaquam

214 3043 377 3106 robustior
394 3039 450 3104 ’eet
476 3041 594 3122 factus,
622 3060 689 3104 non
706 3039 816 3104 'minue
837 3041 955 3106 multos
977 3043 1110 3123 amavit,
1138 3044 1175 3107 in

215 3144 351 3223 quorum
372 3145 494 3206 amore,
517 3124 622 3269 21¹⁰&
643 3124 768 3188 licitum
790 3127 838 3188 est
853 3125 987 3208 odiosas
1000 3127 1102 3190 multa
1122 3126 1174 3189 de-

213 3209 308 3273 licate
330 3210 500 3290 iocoseque
536 3208 610 3271 ecit:
639 3227 721 3295 quac
741 3208 942 3292 referremus,
966 3210 1031 3273 nisi
1051 3210 1174 3274 maiora

213 3294 342 3376 potiora
362 3291 563 3356 haberemus.

177 3377 199 3440 3
300 3376 392 3441 Bello
414 3375 649 3459 Peloponnesio
671 3376 766 3440 huius
788 3376 922 3458 considio
949 3381 1046 3460 abque
1068 3380 1176 3442 aucto·

216 3461 309 3525 ritate
337 3460 551 3546 Athenienses
583 3461 703 3526 bellum
735 3461 941 3536 Syracusanis
974 3461 1177 3528 indixerunt:
