2590 3946
235 210 277 274 38
581 222 616 268 X.
641 218 750 272 ΜΘΝ.
774 215 839 264 1-3

235 358 399 440 obeundo,
426 357 562 423 fideliter
590 353 841 420 administrando
863 351 1117 418 crudelissimum
1142 374 1206 418 no-

205 457 311 508 tmen
332 442 461 527 tyranni
483 463 541 506 sua
561 439 761 503 humanitate
780 437 929 502 leniebat.
973 435 1059 502 huno
1081 459 1100 502 a
1121 435 1205 502 Dio-

233 527 328 611 nysio
356 527 489 591 missum
518 523 798 607 Carthaginienses
826 522 871 586 sio
898 525 1124 605 suspexerunt,
1163 526 1205 588 ut
1275 523 1276 584 l

222 611 397 676 'neminem
424 629 577 692 umquam
605 605 727 672 Graeca
747 607 861 691 lingua
887 605 1072 688 loquentem
1094 607 1203 691 magis

235 696 301 760 sint
322 694 479 760 admirati.
514 759 521 770 ,
709 704 713 709 ’

197 778 219 842 2
319 777 434 861 Neque
460 798 536 842 vero
569 776 649 840 haee
677 773 870 857 Dionysium
902 775 1084 859 fugiebant:
1122 797 1201 840 nam

236 866 357 946 quanto
381 865 464 926 esset
486 861 547 926 sibi
570 862 775 1007 ornameffio,
803 857 969 924 sentiebat.
1014 880 1077 942 quo
1100 860 1203 924 fiebat

235 951 272 1011 ut
298 946 357 1010 uni
383 945 458 1010 huio
485 943 623 1008 maxime
650 943 686 1011 in
764 946 831 1006 eret
863 963 905 1006 ne
927 963 968 1007 ue
1001 963 1074 1008 eum
1107 964 1201 1009 secus

205 1043 221 1090 a
237 1030 384 1113 diligeret
404 1050 441 1094 ao
462 1029 578 1092 filium:
605 1028 661 1112 qui
704 963 825 1108 uidem,
854 963 928 1090 aurii
947 1025 1117 1092 Platonem
1137 1027 1200 1093 Ta-

233 1117 362 1178 rentum
383 1113 507 1178 venisse
529 1111 617 1176 fama
636 1112 672 1176 in
717 1110 836 1175 ioiliam
858 1114 941 1176 esset
961 1111 1100 1195 perlata,
1122 1111 1200 1178 a'du·

233 1199 367 1262 leseenti
393 1217 512 1282 negare
533 1217 601 1261 non
628 1195 784 1278 potuerit,
812 1195 891 1278 quin
913 1216 987 1260 eum
1015 1202 1199 1281 arcesseret,
1242 1213 1251 1230 ·

176 1293 179 1300 ’
234 1303 307 1348 aum
328 1280 417 1346 Dion
438 1281 506 1345 eius
528 1279 678 1344 audiendi
700 1278 874 1363 eupiditate
900 1279 1059 1364 flagraret.
1111 1280 1198 1346 dedit

234 1387 311 1450 ergo
326 1365 402 1431 huia
417 1365 545 1431 veniam
557 1384 675 1449 magna
697 1385 737 1428 ue
750 1384 823 1427 eum
837 1363 1012 1428 ambitione
1024 1362 1197 1448 Syracusas

204 1449 391 1534 sperduxit.
428 1470 523 1533 quem
544 1446 633 1514 Dion
654 1385 732 1512 adeo
747 1447 922 1512 admiratus
944 1452 1102 1532 astatque
1123 1450 1196 1514 ada·

233 1534 334 1600 mavit
375 1538 412 1600 ut
437 1555 471 1600 se
493 1533 523 1597 ei
544 1536 650 1598 totum
670 1531 819 1597 traderet.
862 1553 968 1616 neque
990 1554 1066 1597 vero
1089 1535 1195 1600 minus

233 1619 302 1702 ipss
323 1585 417 1683 iloto
445 1617 620 1683 delectatis
647 1620 696 1681 est
716 1615 831 1681 Dione.
875 1616 985 1699 itaque
1013 1637 1085 1682 oum
1107 1640 1127 1683 a
1147 1623 1195 1702 ty-

232 1724 336 1766 ranno
352 1702 521 1767 crudeliter
535 1701 673 1766 violatus
696 1704 787 1784 esset,
811 1700 929 1784 quippe
951 1722 1046 1785 quem
1064 1723 1195 1767 venum·

233 1785 302 1850 dari
328 1785 486 1868 iussisset,
514 1787 623 1849 tamen
636 1807 638 1814 ·
651 1783 762 1849 eodem
788 1783 884 1848 rediit
911 1784 1051 1849 eiusdem
1079 1785 1195 1852 Dionis

203 1868 380 1952 spreoibus
402 1868 564 1934 adductus.
607 1868 736 1933 interim
758 1869 794 1932 iu
814 1868 963 1933 morbum
984 1869 1097 1934 inuidit
1117 1869 1194 1936 Dio·

232 1953 353 2052 nysius.
404 1975 467 2050 quo
497 1975 570 2018 eum
592 1953 682 2038 gravi
710 1951 960 2038 conflictaretur,
989 1953 1147 2051 quaesivit
1176 1979 1195 2021 a
1275 1975 1276 2024 3

233 2038 364 2185 ”tl-⁰¹⁵
379 2037 476 2185 Dlln’
492 2037 650 2185 duit&
659 2036 1195 2188 tttttltttttqt
1275 2063 1276 2092 ³

232 2143 252 2186 a
294 2143 335 2186 ns
380 2142 396 2184 e
508 2143 520 2184 1
1157 2147 1179 2188 u

233 2205 295 2269 sibi
321 2142 514 2269 raderentur:
546 2225 623 2283 nam
650 2203 731 2269 velle
759 2225 792 2268 se
820 2225 894 2270 ourn
920 2226 957 2270 eo
971 2142 1129 2289 pcolloqui
1154 2207 1193 2272 de
1275 2255 1276 2290 3

232 2287 401 2371 partiendo
428 2308 545 2373 regno,
578 2287 664 2386 quod
696 2289 814 2352 sororis
846 2309 921 2353 suae
951 2289 1035 2354 filios
1068 2311 1108 2354 ex
1135 2291 1192 2356 illo

203 2375 327 2438 enatos
354 2375 478 2457 partem
499 2392 592 2456 regna
613 2373 748 2456 putabat
769 2372 882 2436 debere
903 2372 1031 2438 habere.
1074 2373 1108 2438 id
1129 2396 1194 2440 me·
1275 2381 1276 2456 y

233 2456 296 2523 diei
322 2479 390 2523 non
416 2460 586 2521 taouerunt
612 2459 645 2520 et
672 2455 711 2520 ad
732 2454 925 2540 Dionysium
951 2456 1053 2523 filium
1075 2479 1193 2524 sermo-
1275 2483 1276 2490 ¹

230 2563 306 2606 nem
320 2541 522 2606 rettulerunt.
568 2561 632 2624 quo
647 2540 701 2604 ille
716 2543 904 2622 commotus,
922 2562 963 2605 ne
978 2541 1095 2625 agendi
1110 2550 1194 2609 esset
1275 2541 1276 2560 ³

231 2624 331 2690 Dioni
357 2627 513 2708 potestas,
541 2624 626 2708 patri
648 2645 796 2708 soporem
817 2623 957 2690 medicos
979 2625 1053 2691 dare
1076 2629 1193 2713 coegit.
1275 2647 1276 2696 ὲ

195 2709 294 2854 3hoo
316 2729 412 2856 afflet
433 2711 561 2792 sumpto
583 2709 706 2793 sopitus
728 2707 812 2772 diem
834 2708 916 2774 obiit
936 2731 1128 2792 supremum.
1275 2731 1276 2744 ²

377 2814 394 2856 e
415 2792 546 2856 initium
565 2791 629 2857 fuit
656 2791 771 2856 Dionis
798 2795 831 2858 et
851 2792 1000 2878 Dionysii
1022 2795 1194 2861 simultatis

231 2897 333 2960 eaque
355 2876 465 2940 multis
487 2878 581 2941 rebus
596 2881 689 2941 aucta
704 2879 759 2941 est.
797 2876 852 2942 sed
866 2888 974 2942 tamen
987 2879 1100 2976 primis
1114 2881 1194 2944 tem·
1275 2879 1276 2940 Ῐ

230 2961 362 3044 poribus
384 2958 580 3109 alrssuamdiu
595 2960 744 3024 simulata
764 2961 849 3025 inter
871 2981 925 3026 eos
942 2962 1083 3027 amicitia
1104 2984 1193 3028 man-

230 3045 282 3109 sit.
325 3066 399 3110 oum

230 3131 267 3193 ut
288 3127 457 3194 Platonem
478 3128 616 3193 Athenis
638 3130 809 3194 arcesseret
831 3132 864 3194 et
878 3130 946 3194 eius
967 3127 1109 3196 consiliis
1124 3135 1194 3214 ute-
1275 3139 1276 3164 ²

230 3214 334 3297 retur,
363 3210 433 3295 ille,
462 3212 518 3294 qui
545 3213 581 3277 in
602 3212 709 3296 aliqua
735 3233 771 3276 re
798 3212 895 3278 vellet
939 3217 1041 3279 atram
1061 3215 1181 3280 imitari

201 3307 354 3362 amorem
368 3295 398 3360 ei
412 3295 520 3381 gessit.
557 3296 731 3381 eodemque
746 3298 891 3381 tempore
906 3236 1079 3364 iniustum
1092 3299 1193 3364 histo·
1275 3321 1276 3360 r

229 3382 331 3447 neum
345 3379 516 3464 Syrasusas
538 3378 672 3463 reduxit,
694 3380 858 3445 hominem
879 3382 1017 3447 amioum
1037 3403 1105 3448 non
1126 3404 1192 3448 ma-

151 3523 164 3538 ,
254 3464 262 3477 '
300 3467 439 3548 tyranno
455 3485 550 3552 quam
565 3463 737 3547 tyrannidi.
775 3463 829 3530 sed
852 3464 890 3529 de
904 3465 967 3531 hoo
990 3467 1025 3531 in
1047 3486 1085 3532 eo
1107 3466 1191 3534 libro
1275 3467 1276 3554 l

451 3045 508 3110 ion
528 3065 596 3108 non
618 3043 783 3108 desisteret
804 3045 970 3110 obsecrare
989 3044 1192 3133 Dionysium,
1275 3069 1276 3076 ¹
