2590 3946
387 229 433 295 n„
458 231 731 282 rnnnrsrocnss.
756 230 781 281 e.
803 230 828 282 r.
1046 221 1084 284 11

124 366 263 448 munita,
286 387 367 449 quae
388 365 497 432 hostes
511 366 720 450 possiderent,
742 368 956 434 Athenienses
978 369 1084 434 aedili·

125 454 232 516 cantes
249 449 420 534 prohibere
441 453 517 516 sunt
531 451 647 516 consti.
688 451 750 516 hoc
771 453 867 537 longe
882 453 945 517 alio
962 475 978 518 s
1002 459 1116 518 ectaz

125 535 180 599 bat
202 538 296 618 atque
311 533 413 598 videri
427 534 587 600 volebant
623 534 839 601 Athenienses
861 537 947 601 enim
984 537 1085 602 uabus

126 617 282 701 victoriis,
305 616 509 684 Marathonia
537 622 570 684 et
591 615 774 704 Salaminia,
796 624 920 686 tantm
947 621 1086 705 gloriam

125 702 210 784 apud
232 722 342 766 omnes
364 706 476 787 gentes
492 706 583 767 erant
604 703 776 787 consecuti,
800 709 836 770 ut
857 704 1086 789 intellegerent

125 784 369 850 Lacedaemonii
391 785 429 850 de
455 786 637 870 principatu
666 787 728 852 sibi
754 808 828 853 cum
853 788 894 853 iis
922 793 1085 854 certamen

125 869 203 934 lore.
248 890 346 952 quare
372 890 427 935 eos
449 891 544 953 quarn
570 870 805 936 infirmissimos
833 892 900 936 osse
923 873 1084 938 volebant.

124 957 295 1050 postquam
309 955 415 1018 autem
430 953 600 1050 audierunt
606 975 721 1050 'muros
736 954 826 1040 strui,
848 954 970 1052 legatos
984 957 1085 1054 Athe·
1099 965 1126 1032 l¹

124 1057 185 1185 bh:
210 1047 380 1217 dblssibfflt'
394 1036 806 1206 aquqerddefigprqetleergtqs
828 1040 1086 1190 dhdsedsmrdisnsbl·

126 1227 179 1271 ros
200 1205 357 1270 dixerunt.
390 1205 473 1283 hano
487 1204 682 1290 legationem
701 1207 841 1290 suscepit
854 1206 1085 1274 Themistocles
1098 1221 1115 1272 ὁ

126 1293 158 1354 et
179 1289 267 1354 solus
287 1289 392 1373 primo
413 1289 577 1373 profectus
604 1295 666 1355 est:
700 1290 816 1373 reliqui
836 1291 936 1376 legati
958 1297 994 1357 ut
1016 1295 1086 1358 tum

126 1373 264 1458 exirent,
287 1395 359 1438 curn
387 1373 463 1439 satis
491 1373 550 1438 alti
570 1373 689 1439 tuendo
716 1374 801 1438 muri
822 1375 973 1440 exstructi
1001 1375 1086 1440 vide·

126 1461 245 1538 rentur,
266 1458 444 1541 praecepit:
465 1457 595 1522 interim
617 1479 738 1541 omnes,
761 1459 843 1523 servi
865 1463 961 1542 atque
981 1459 1085 1542 liberi,

127 1562 208 1623 opus
228 1539 371 1606 lacerent
391 1561 496 1624 neque
519 1541 576 1604 ulli
601 1541 673 1606 loco
694 1546 876 1625 parcerent,
903 1543 970 1607 sive
998 1565 1086 1609 sacer

126 1625 190 1690 moe
204 1625 372 1707 prolum,
400 1626 467 1690 sive
494 1625 637 1708 privatus
665 1629 749 1690 esset
775 1625 842 1690 sire
863 1625 1025 1710 publicus,
1053 1633 1086 1692 ct

128 1707 281 1794 undique,
315 1708 401 1793 quod
427 1708 578 1774 idoneum
614 1709 654 1773 ed
681 1708 890 1774 muniendum
923 1713 1085 1792 putarent,

127 1797 345 1940 congerelrlgrt
383 1793 589 1940 ‹plrohrflactum
612 1797 660 1858 est
676 1792 979 1942 &Memmium
1001 1794 1086 1860 muri

127 1897 166 1941 ex
188 1898 258 1940 sace
332 1897 367 1940 se
424 1897 441 1940 c
494 1899 509 1941 s
532 1897 572 1940 ue
598 1897 676 1942 cons
727 1899 792 1942 en.

211 1898 441 2023 Themistobles
472 1898 594 2055 subm,
626 1965 663 2025 ut
684 1960 954 2027 Lacedaemonem
986 1961 1122 2045 reniti

128 2043 214 2108 adire
229 2044 269 2108 ad
282 2041 488 2127 magistratus
501 2043 608 2108 noluit
622 2048 655 2108 et
669 2043 756 2109 dedit
770 2067 909 2129 operam,
932 2049 968 2110 ut
989 2066 1086 2128 quarn

128 2127 314 2212 longissime
341 2131 467 2210 tempus
494 2127 637 2210 duceret,
666 2149 793 2195 causam
819 2129 1029 2213 interponens
1051 2151 1085 2195 se

128 2212 267 2308 collegas
289 2214 479 2308 exspectare.
523 2233 596 2308 cum
611 2211 855 2308 Lacedaemonii
877 2217 1116 2310 quererentur!

127 2317 208 2464 tt?
223 2295 707 2476 mlflmmddltiffitli
720 2297 1087 2477 trttfftttlt

129 2485 201 2529 cum
222 2463 362 2528 audisset
381 2485 449 2528 non
469 2465 607 2528 multum
628 2483 791 2546 superesse
813 2465 1017 2537 mumtronrs„
1046 2464 1087 2528 ad

129 2547 266 2630 ephoros
279 2547 604 2612 Lacedaemoniorum
622 2547 764 2629 accessit,
785 2566 884 2629 penes
900 2566 981 2628 quos
1002 2567 1087 2611 sum·

127 2652 215 2695 mum
237 2634 306 2696 erat
325 2630 504 2714 imperium,
526 2634 622 2713 atque
637 2629 722 2713 cpud
743 2650 798 2694 eos
819 2629 984 2695 contendit
1005 2629 1088 2696 falsa

128 2715 168 2779 iis
189 2735 256 2779 esse
279 2714 398 2779 delate:
426 2734 524 2797 quare
547 2734 684 2795 aequum
706 2735 774 2778 esse
795 2712 868 2779 illes
882 2713 969 2780 viros
983 2714 1088 2780 bonos

128 2798 314 2881 nobilesque
333 2799 476 2880 mittere,
498 2797 614 2880 quihus
635 2797 713 2863 fides
734 2797 919 2881 haberetur,
942 2797 997 2882 qui
1018 2819 1087 2862 rem

129 2881 345 2963 explorarent:
372 2881 495 2946 interes
522 2903 555 2946 se
578 2881 720 2946 obsidem
742 2882 926 2947 retinerent
975 2885 1117 2966 gestura

129 2969 179 3027 est
199 2963 229 3028 ei
250 2986 334 3047 mos,
355 2969 483 3049 tresque
505 2965 603 3050 legati
625 2964 728 3030 functi
756 2966 888 3030 summis
909 2965 1087 3030 honoribus

127 3047 274 3110 Athenas
300 3048 390 3114 missi
411 3053 495 3115 sunt.
536 3069 609 3114 oum
630 3048 681 3114 his
703 3049 842 3134 collegas
864 3070 939 3114 suos
960 3047 1087 3114 Themi·

129 3131 245 3196 stocles
266 3130 359 3195 iussit
379 3132 537 3214 proficisci
558 3132 598 3196 iis
622 3153 661 3197 ue
682 3132 853 3216 praedixit,
876 3137 975 3198 utne
997 3133 1087 3217 prins

128 3214 452 3280 Lacedaemoniorum
466 3217 590 3299 legatos
600 3153 802 3282 dimitterent
813 3238 908 3302 quam
922 3216 991 3300 ipse
1003 3220 1087 3281 esset

127 3298 287 3364 remissus.
332 3298 392 3363 hos
418 3303 588 3383 postquam
616 3299 761 3366 Athenas
788 3300 971 3385 pervenisse
997 3302 1118 3364 ratust

129 3386 193 3464 est,
224 3383 264 3448 ad
295 3382 500 3468 magistratus
527 3387 736 3466 senatumque
761 3383 1087 3449 Lacedaemoniorum

129 3464 208 3531 adiit
222 3470 255 3532 et
268 3465 354 3550 spud
369 3487 422 3532 eos
437 3465 597 3531 liberrime
611 3467 773 3549 professus
789 3471 851 3533 est:
872 3465 1087 3532 Athenienses
