2590 3946
200 222 240 285 12
455 234 493 284 11.
524 231 795 283 rurmsrocnrs.
818 228 843 278 r.
863 229 888 280 e.

198 391 256 438 suo
280 369 425 454 coneilio,
448 370 534 452 quod
548 367 711 432 communi
725 368 794 432 iure
811 367 955 453 gentium
971 366 1074 432 faeere
1090 389 1161 452 pos·

199 456 286 536 sent,
309 452 384 518 deos
427 451 551 517 ublioos
572 471 710 536 suosque
731 451 853 535 patrios
874 455 911 516 tc
932 455 1074 535 penates,
1097 473 1161 548 quc

198 536 325 602 facilius
346 537 387 601 ab
405 475 501 601 docte
522 539 656 633 possent
676 534 860 618 defendere,
885 533 984 600 muris
1006 555 1162 619 saepsisse

170 635 186 685 ⁵
200 641 305 706 neque
327 621 362 685 in
376 640 414 684 eo
430 618 516 704 quod
530 619 644 684 mutilo
659 621 742 684 esset
757 618 909 684 Graeciae
930 618 1052 684 fecisse.
1085 639 1162 683 nam

200 705 330 770 illorum
361 704 473 768 urbem
500 706 538 768 ut
567 702 846 801 propugnaculum
875 703 1060 787 oppositum
1093 723 1161 767 esse
1285 699 1291 726 ⁴

199 789 357 872 barbaris,
386 786 470 871 apud
496 807 593 871 quam
613 807 679 850 ram
707 786 757 852 bie
779 786 896 852 classes
923 787 1028 872 regias
1049 785 1162 851 fecisse

169 872 414 958 oneufrsgium.
457 869 726 936 Lacedaemonios
753 873 860 934 sutem
881 871 965 934 male
991 874 1024 936 et
1044 870 1162 936 iniuste

200 957 316 1054 feceret
339 955 395 1039 qui
416 954 449 1018 id
470 954 579 1038 potius
600 955 802 1018 intuerentur
834 954 920 1037 quod
941 954 1085 1038 ipsorum
1107 953 1162 1019 do·

199 1039 370 1104 minationi
392 1057 489 1122 quam
511 1037 598 1122 quod
612 1038 779 1103 universae
825 1037 946 1102 caeciae
966 1039 1053 1102 utile·
1069 1042 1161 1103 esset

200 1144 308 1208 quare,
330 1123 358 1188 si
379 1142 454 1188 suos
467 1121 592 1207 legatos
606 1123 746 1205 recipere
762 1121 891 1204 vellent,
914 1141 994 1204 quos
1015 1121 1162 1186 Athenas

199 1208 368 1289 miserant,
395 1227 429 1271 se
451 1206 665 1288 remitterent,
687 1225 758 1271 casm
779 1205 872 1269 aliter
892 1204 966 1270 illos
986 1225 1161 1288 numquam

200 1291 235 1356 in
255 1291 394 1375 patriam
415 1293 522 1355 essent
540 1290 709 1372 recepturi.

162 1377 184 1440 8
284 1374 407 1438 Tamen
438 1392 506 1438 non
539 1371 652 1457 effugit
684 1373 801 1438 civium
823 1373 964 1437 'suorum
996 1371 1161 1437 invidiam.

200 1479 338 1542 namque
354 1458 397 1522 ob
412 1456 549 1522 eundem
563 1457 722 1540 timorem,
745 1476 809 1540 quo
825 1454 992 1520 damnatura
1007 1458 1075 1520 erat
1089 1454 1162 1520 Mil-

200 1542 312 1626 tiades,
333 1540 524 1607 testularum
545 1541 704 1638 suffram'is
727 1561 744 1605 e
767 1539 897 1605 civitate
918 1540 1037 1604 eiectus
1054 1542 1162 1624 Argos

170 1626 382 1692 thebitatum
410 1624 575 1690 concessit.
618 1623 672 1689 hic
700 1643 773 1689 cum
799 1627 931 1708 propter
957 1623 1075 1688 multas
1100 1624 1161 1688 vir·

198 1714 285 1776 tutes
314 1729 433 1794 magna
460 1729 533 1773 cum
565 1707 721 1791 dignitate
749 1707 886 1792 viveret,
916 1705 1159 1772 Lacedaemonii

199 1795 324 1878 legatos
345 1792 491 1856 Athenas
513 1791 684 1874 miserunt,
713 1791 768 1874 qui
790 1811 863 1855 eum
885 1791 1049 1856 absentem
1071 1811 1160 1856 aceu-

199 1880 316 1960 serent,
339 1874 426 1960 quod
439 1875 624 1941 societatem
638 1893 711 1940 cum
724 1893 800 1960 rege
821 1874 917 1941 Perse
937 1874 978 1940 ad
993 1873 1161 1940 Graeciam

200 1958 443 2044 opprimendam
468 1958 605 2026 fecisset.
660 1959 722 2025 boo
750 1958 882 2024 crimine
914 1960 1028 2025 absens
1054 1959 1161 2045 prodi-

169 2045 299 2110 ctionis
321 2043 489 2109 damnatus
510 2047 568 2108 cst
611 2043 645 2107 id
665 2045 703 2107 ut
723 2042 859 2126 audivit,
887 2043 974 2126 quod
994 2065 1062 2109 non
1084 2044 1161 2110 satir

199 2132 305 2193 tutum
326 2148 360 2193 se
381 2127 480 2212 Argis
501 2125 644 2209 videbat,
672 2125 844 2210 Corcyram
871 2125 1071 2210 demigravit
1113 2127 1161 2191 ibi

199 2209 1021 2360 fflmdiffi⁰¹titffli¹ti⁰iitttttt
1028 2230 1087 2358 ⁹12⁰
1102 2213 1161 2359 {⁶5

199 2382 287 2461 rent,
309 2376 350 2442 ad
363 2376 551 2460 Admetum,
579 2374 756 2442 Molossum
780 2395 886 2462 regem
898 2424 908 2460 ,
937 2397 1010 2442 cum
1038 2399 1103 2462 quo
1130 2377 1160 2443 ei

199 2461 377 2546 hospitium
405 2463 487 2545 erat,
516 2458 671 2545 confugit.
715 2459 779 2525 hue
806 2481 878 2526 curn
906 2461 1046 2527 venisset
1072 2464 1104 2526 et
1125 2463 1160 2526 in

170 2545 383 2631 spraesentia
402 2564 459 2609 rex
480 2545 619 2628 obesset,
647 2563 711 2628 qno
733 2544 854 2609 maiore
875 2545 1031 2641 religione
1058 2565 1091 2608 se
1112 2565 1159 2608 re·

200 2632 328 2714 ceptum
342 2632 495 2713 tueretur,
515 2628 615 2693 filiam
629 2629 697 2692 eius
711 2629 878 2711 parvulam
892 2627 1028 2711 arripuit
1042 2629 1158 2692 etcum

200 2733 238 2778 ea
259 2733 293 2778 ee
314 2714 349 2778 in
363 2711 551 2796 sacrarium,
573 2710 660 2796 quod
680 2731 806 2776 summa
826 2710 990 2776 colebatur
1010 2709 1160 2776 caerimo-

199 2797 264 2880 nia,
286 2797 432 2863 coniecit.
475 2795 550 2861 inde
570 2815 638 2860 non
652 2795 741 2879 prius
756 2813 902 2879 egressus
922 2798 979 2879 est,
994 2815 1090 2878 quam
1103 2813 1161 2858 rex

202 2903 275 2946 eum
290 2880 364 2945 data
379 2880 489 2946 dextra
508 2881 544 2944 in
564 2878 660 2944 fidem
681 2879 851 2962 reciperet,
896 2899 970 2943 uam
991 2878 1160 2962 praestitit.

170 2976 278 3030 enam
299 2984 372 3028 oum
392 2965 433 3028 ab
454 2962 706 3029 Atheniensibus
728 2965 761 3027 et
785 2899 1045 3028 Lacedaemoniis
1066 2983 1162 3048 expo·

200 3049 341 3112 soeretur
383 3047 505 3131 obiice,
526 3067 564 3111 su
609 3043 703 3110 licem
724 3065 792 3111 non
812 3044 955 3130 prodidit
972 3047 1161 3129 monuitque

200 3135 238 3196 nt
259 3151 296 3196 eo
372 3134 440 3196 eret
454 3128 531 3195 sibi:
553 3067 683 3194 dinone
706 3129 792 3194 enim
813 3149 881 3195 esse
900 3128 936 3194 in
949 3133 1017 3195 tem
1030 3130 1161 3215 propin·

202 3214 365 3363 311010οο
392 3217 464 3279 tuto
497 3233 570 3278 eum
602 3213 731 3279 versari.
781 3214 889 3298 itaque
909 3213 1062 3312 'Pydnam
1087 3235 1161 3279 eum
1290 3243 1294 3270 ι

170 3309 188 3361 e
223 3298 314 3364 educi
335 3297 428 3362 iussit
449 3300 482 3362 et
503 3296 589 3381 quod
610 3298 687 3362 satis
702 3300 786 3364 esset
805 3297 955 3382 praesidii
976 3297 1072 3364 dedit
1108 3297 1162 3362 bic

200 3383 236 3448 in
266 3403 382 3450 navem
410 3382 559 3447 omnibus
583 3381 714 3480 ignotus
740 3383 847 3448 nautis
873 3381 1023 3447 escendit.
1080 3401 1161 3466 quae

200 3485 274 3532 oum
302 3469 491 3552 tempestate
518 3485 658 3532 maxuma
683 3464 812 3534 Naxum
833 3464 984 3549 ferretur,
1015 3465 1072 3532 ubi
1092 3467 1161 3532 tum
