2606 3940
408 269 509 318 xxm.
539 269 729 319 HANNIBAL.
751 267 825 316 a-r.
1058 253 1097 319 91

133 402 279 490 postulo,
302 402 434 468 dederis.
478 404 574 468 simul
594 425 646 469 me
667 404 708 468 ad
729 425 817 469 aram
839 403 985 487 adduxit,
1014 404 1100 487 apud
1222 433 1224 438 ¹

136 509 233 573 quam
254 488 430 553 sacrificare
452 487 650 568 instituerat,
677 509 810 573 eamque
831 489 946 554 ceteris
967 489 1099 553 remotis

134 575 300 638 tenentem
320 572 425 638 iurare
440 572 543 656 iussit,
565 593 742 656 numquam
755 593 808 637 me
822 573 858 637 in
871 571 1013 637 amicitia
1026 593 1099 637 cum

134 655 290 722 Romanis
311 655 391 722 fore.
433 655 467 721 id
489 675 549 742 ego
570 657 791 722 iusiurandum
810 656 895 741 patri
917 658 1026 721 datum
1048 669 1130 720 use

136 762 199 824 que
218 740 260 805 ad
285 740 369 804 hanc
394 743 531 805 aetatem
556 741 603 806 ita
623 740 820 824 conservavi,
842 744 880 805 ut
899 741 1022 805 nemini
1044 740 1100 806 du·

135 825 226 889 bium
247 817 315 890 eise
330 823 453 906 debeat,
475 825 554 908 quin
568 825 693 909 reliquo
707 828 852 909 tempore
867 824 977 889 eadem
990 828 1099 888 mente

134 909 197 972 sim
217 908 355 974 futurus.
391 929 489 992 quare
511 909 538 973 si
560 908 638 993 quid
659 909 759 975 amice
780 908 820 974 de
836 907 991 974 Romanis
1013 909 1129 994 cogi-o

135 993 235 1076 tabis,
261 1014 330 1059 non
351 993 569 1076 imprudenter
590 992 719 1075 feceris,
747 993 775 1058 si
798 1013 850 1057 me
871 993 998 1058 celeria:
1027 1013 1100 1058 oum

135 1076 268 1160 quidem
293 1076 416 1141 bellum
442 1077 586 1160 parabis,
622 1080 654 1140 te
688 1077 794 1160 ipsum
820 1076 1038 1159 frustraberis,
1072 1077 1100 1141 si
1231 1134 1236 1144 .

82 1203 86 1212 ·
135 1180 204 1226 non
225 1181 277 1225 me
298 1161 334 1225 in
356 1181 393 1224 eo
415 1161 520 1244 princi
543 1180 595 1224 em
616 1161 784 1245 posueris’.

220 1246 291 1310 Hac
312 1245 413 1329 igitur
434 1266 498 1329 qua
537 1245 578 1258 '‘
613 1265 651 1310 us
665 1249 770 1310 aetate
785 1265 858 1309 cum
878 1247 968 1328 patre
989 1245 1024 1308 in
1043 1243 1136 1307 lii-3

136 1329 285 1414 spaniam
297 1327 461 1412 profectus
476 1332 539 1393 est:
560 1329 652 1394 ouius
665 1333 740 1420 post
751 1329 886 1412 obitum
900 1327 1100 1392 Hasdrubale

137 1416 329 1498 imperatore
362 1412 511 1495 suffecto,
543 1412 700 1495 equitum
725 1414 815 1494 omni
846 1411 995 1496 praefuit.
1038 1413 1102 1477 hoc

160 1519 202 1563 uo
225 1518 266 1562 ue
279 1496 449 1562 interfecto
465 1491 622 1560 exercitus
643 1517 800 1561 summam
820 1497 865 1560 im
889 1496 949 1561 erii
965 1496 1006 1560 ad
1028 1517 1100 1560 eum

137 1521 213 1646 detu
229 1582 261 1647 't.
310 1580 344 1645 id
369 1579 604 1666 Karthaginem
629 1580 770 1645 delatum
802 1519 930 1664 pubiice
956 1599 1100 1662 compro·

136 1667 248 1730 batum
275 1669 332 1730 ert.
376 1664 422 1730 sic
442 1663 607 1729 Hannibal
632 1665 739 1729 minor
760 1665 902 1748 quinque
928 1666 962 1728 et
982 1662 1130 1748 vigintir

137 1751 231 1814 annis
244 1758 341 1813 natus
355 1749 530 1832 imperator
550 1749 654 1813 factus
668 1749 816 1846 proximo
833 1747 974 1812 triennio
989 1767 1101 1812 omnes
1117 1765 1120 1772 ·

137 1837 251 1919 gentes
263 1831 440 1916 llispaniae
459 1832 546 1897 bello
568 1833 710 1917 subegit:
743 1830 1102 1916 Saguntum,.foedera-

137 1923 206 1982 tam
221 1917 393 1998 civitatem,
416 1916 448 1979 vi
464 1916 669 2000 expugnarit,
691 1919 756 1980 tres
772 1917 929 1980 exercitus
942 1915 1101 1979 maximos

138 2000 385 2148 comparavi&as
387 1999 505 2147 3121?
535 2019 636 2148 ufpantpn
655 2000 698 2098 'in
706 1999 864 2148 ἓῇ-ἰωῃι
889 1999 1008 2147 nfisit,t
1023 1998 1131 2146 age-b

138 2105 446 2252 ttlhmmml
468 2103 575 2232 seium
607 2104 706 2232 ulit.
740 2102 1101 2251 mittunt

137 2252 275 2318 transiit.
309 2272 509 2334 quacumque
529 2252 591 2315 iter
611 2250 698 2334 lecit,
720 2272 793 2316 cum
815 2251 964 2316 omnibus
985 2250 1100 2315 incolis

138 2336 297 2402 conflixit:
325 2335 486 2399 neminem
512 2334 576 2398 nisi
602 2334 722 2400 victum
754 2336 884 2399 dimisit.
933 2335 974 2399 ad
999 2334 1132 2418 Alpest

138 2425 348 2506 posteaquam
368 2419 466 2500 venit,
489 2438 570 2501 quac
583 2417 773 2516 Italiamab
789 2417 895 2482 Galba
916 2418 1100 2502 seiungunt,

133 2504 859 2682 ·lttttl⁰cltll²t.ttttttftt
872 2519 966 2650 tui.
992 2504 1102 2682 tlt&

79 2701 81 2706 ’
137 2678 191 2738 tus
214 2672 330 2737 Graius
359 2669 568 2767 appellatur),
595 2669 728 2752 Alpicos
754 2672 908 2734 conantes
928 2668 1101 2752 prohrbcre

136 2757 276 2821 transitu
290 2752 439 2837 concidit,
455 2753 526 2817 loca
539 2751 701 2837 patefecit,
723 2752 840 2817 itinera
854 2753 980 2836 muniit,
996 2752 1101 2819 effecit

139 2843 177 2904 ut
198 2861 236 2904 ea
257 2839 446 2922 elephantus
462 2842 593 2902 ornatus
615 2837 661 2901 ire
682 2840 801 2921 posset,
823 2857 887 2920 qua
908 2841 1003 2902 antea
1017 2859 1100 2902 unus

138 2923 237 2987 homo
263 2922 394 2985 inermis
423 2921 477 2985 vix
497 2923 625 3004 poterat
650 2940 770 3004 repere.
818 2919 879 2986 hac
901 2923 1009 3004 copias
1035 2925 1099 2986 tra·

137 3006 232 3070 duxit
252 3005 287 3068 in
308 3005 497 3088 Italiamque
541 3005 674 3069 ervenit.
984 3013 986 3019 '

224 3087 418 3154 Conflixerat
449 3025 539 3173 apud
560 3087 753 3154 Rhodanum
785 3109 857 3154 cum
883 3088 921 3154 P.
949 3087 1137 3154 Corneliot

136 3172 289 3255 Scipione
311 3174 442 3238 consule
464 3193 599 3256 eumque
613 3172 788 3256 pepulerat.
826 3193 898 3237 cum
912 3173 975 3238 hoc
988 3172 1100 3237 eodem

136 3255 284 3322 Clastidii
305 3257 391 3340 apud
415 3256 538 3321 Padum
559 3257 702 3322 decernit
729 3257 934 3341 sauciumque
960 3255 1035 3324 inde
1062 3275 1100 3319 ao

136 3341 286 3426 fugatum
307 3341 450 3406 dimittit.
493 3341 589 3405 tertio
616 3341 701 3405 idem
728 3339 836 3424 Scipio
862 3361 942 3405 cum
974 3339 1127 3436 collegas
1247 3339 1250 3344 '

135 3425 267 3491 ‘liberio
297 3425 412 3509 Longo
439 3423 524 3505 apud
551 3423 699 3487 Trebiam
726 3423 877 3488 adversus
904 3443 977 3486 eum
998 3426 1097 3488 vemt.

136 3530 210 3574 cum
232 3510 271 3574 iis
286 3529 417 3574 manum
431 3507 606 3571 conseruit:
629 3510 781 3589 utrosque
795 3505 989 3592 profligavit.
1022 3506 1098 3572 inde
