2606 3940
417 227 504 275 xxa.
542 227 731 276 enumera.
753 223 829 276 a-e.
1063 213 1106 280 89

142 383 214 428 cum
237 361 375 445 amplius
399 364 528 426 centum
550 361 639 426 milia
660 361 745 446 facta
767 365 872 426 essent
900 365 1104 447 armatorum,

142 447 197 511 sed
225 447 321 510 etiam
343 466 381 510 eo
404 445 574 530 compulit,
597 449 632 511 ut
660 446 805 510 locorum
827 446 984 530 angustiis
1006 446 1105 511 clausi
1220 525 1222 530 ,

141 530 249 614 plures
276 529 360 594 fame
390 551 486 612 quam
512 529 597 594 ferro
626 530 803 594 interirent.
854 529 962 594 omnia
988 529 1106 614 opida

143 614 338 696 abalienata,
366 613 401 678 in
423 612 474 678 his
503 611 630 680 Uticam
652 618 747 710 atque
776 613 976 698 Hipponem,
998 552 1105 680 vden-

142 699 265 762 tissima
287 697 387 763 totius
413 697 558 781 Africae,
585 699 726 762 restiturt
746 697 878 796 patriae,
931 719 1036 781 neque
1065 709 1135 763 eoo

142 782 205 848 fuit
231 784 416 865 contentus,
443 781 498 846 sed
527 781 623 847 etiam
650 783 731 846 fines
751 803 878 866 impera
926 783 1104 879 repagavit,

141 869 212 930 tota
234 865 346 930 Africa
366 868 492 930 tantum
515 867 616 930 otium
638 865 785 949 reddidit,
807 870 848 932 ut.
865 887 910 930 nu
936 887 990 932 um
1012 887 1048 930 m
1069 887 1107 930 ea

142 949 264 1014 bellum
286 948 447 1014 videretur
467 949 577 1014 multis
600 950 693 1014 annis
715 949 823 1014 fuisse.

228 1031 335 1098 Rebus
362 1031 413 1098 bis
441 1053 479 1097 ex
506 1034 666 1098 sententia
693 1034 830 1116 peractis
860 1033 972 1098 fidenti
999 1033 1143 1098 animet

143 1120 240 1200 alque
262 1115 378 1182 infesto
395 1115 560 1200 Romanis,
583 1138 646 1199 quo
669 1116 795 1183 facilius
817 1138 945 1184 eausam
967 1118 1107 1182 bellandi

143 1200 312 1285 reperiret,
335 1199 453 1284 effecit,
476 1200 515 1265 ut
533 1201 707 1284 imperator
729 1223 801 1266 cum
828 1202 968 1266 exercitu
995 1202 1031 1266 in
1050 1201 1108 1266 Hi·

144 1284 290 1368 spaniam
304 1285 494 1370 mitteretur,
510 1305 612 1369 eoque
628 1306 736 1350 secum
758 1285 849 1350 duxit
869 1285 971 1350 lilium
983 1285 1107 1350 Hanni-

144 1368 249 1432 balem
287 1389 445 1434 annorum
476 1390 602 1435 novem.
657 1373 726 1434 erat
762 1373 928 1453 praeterea
963 1391 1035 1436 cum
1067 1381 1137 1434 eor

145 1451 330 1517 adulescens
352 1452 494 1536 illustris,
514 1453 684 1536 formosus,
699 1452 889 1535 Hasdrubal,
934 1475 1007 1519 uem
1029 1474 1109 1518 non·

145 1536 228 1600 nulli
253 1534 345 1620 diligi
372 1535 512 1620 turpius,
541 1557 637 1635 quam
667 1557 727 1620 par
754 1541 837 1620 erat,
865 1539 905 1601 ab
1015 1538 1108 1602 'lcare

145 1619 375 1702 loquebantur:
407 1640 475 1685 non
503 1642 588 1685 enim
616 1619 763 1685 maledici
789 1624 880 1686 tanto
908 1622 978 1685 viro
1001 1621 1108 1686 deesse

169 1707 304 1768 oberant.
357 1725 421 1788 quo
448 1703 568 1770 factum
602 1709 650 1769 est
681 1707 717 1769 ut
748 1704 955 1788 apraefecto
983 1725 1109 1770 morum

179 1787 328 1852 asdrubal
357 1808 430 1853 cum
458 1809 495 1854 eo
518 1792 680 1854 vetaretur
701 1809 780 1854 esse.
824 1788 899 1854 huic
926 1788 981 1853 ille
1008 1789 1108 1854 liliam

146 1892 237 1935 suam
258 1871 293 1934 in
318 1873 559 1937 matrimonium
586 1873 687 1955 dedit,
715 1871 800 1954 quod
826 1873 969 1938 moribus
998 1889 1108 1938 eorum

146 1955 1010 2123 ttlrlllsttlldltdtsaltitat,lt
1021 1957 1137 2104 d?

146 2121 225 2188 citui
246 2121 386 2205 praefuit
407 2088 520 2206 resqu'e
540 2141 674 2220 magnas
696 2123 803 2207 gessit,
826 2126 859 2187 et
878 2123 1027 2208 princeps
1048 2124 1109 2188 lar·

147 2205 270 2291 gitione
299 2208 622 2291 vetustos.pervert1t
647 2228 752 2272 mores
780 2205 1109 2292 Karthaginiensium,

147 2289 353 2372 eiusdemque
374 2294 605 2374 postmortem
620 2289 783 2356 Hannibal
805 2293 846 2356 ab
868 2292 1009 2358 exercitu
1024 2313 1109 2358 acce·

148 2373 197 2458 pit
218 2373 396 2456 imperium.
426 2407 430 2418 ·
1124 2431 1126 2434 .

231 2459 277 2521 At
298 2456 476 2540 Hamilcar,
504 2460 712 2541 posteaquam
734 2477 821 2522 mara
843 2458 971 2522 transiit
997 2458 1032 2522 in
1053 2457 1146 2523 lli-4

148 2541 357 2624 spaniamque
373 2541 471 2622 venit,
483 2561 617 2627 magnas
631 2563 682 2606 res
698 2541 836 2605 secunda
849 2541 949 2626 gessit
962 2541 1109 2607 fortuna:

148 2627 302 2690 maximas
334 2625 653 2709 bellicosissimasque
685 2628 798 2710 gentes
827 2625 971 2710 subegit,
1008 2626 1108 2710 equis,

148 2709 259 2792 armis,
295 2709 386 2792 viris,
419 2710 555 2792 pecunia
586 2713 688 2774 totam
715 2709 922 2793 locupletavit
954 2709 1107 2776 Africam.

148 2793 201 2856 hic
223 2814 296 2859 eum
318 2793 353 2857 in
366 2793 493 2858 ltaliam
514 2793 635 2857 bellum
650 2792 768 2858 inferre
783 2791 998 2878 meditaretur,
1020 2809 1139 2859 nonos

149 2896 234 2940 anno
266 2883 340 2958 post
363 2900 436 2941 uam
469 2878 503 2941 in
530 2877 718 2961 Hispaniam
746 2879 891 2959 venerat,
924 2879 960 2941 in
985 2879 1109 2962 proelio

149 2899 468 3131 simillia
482 2960 1140 3113 {aasentias

148 3133 204 3194 tur
224 3129 398 3196 secundum
419 3130 539 3194 bellum
560 3129 745 3204 Poenicum.
782 3149 920 3213 namque
935 3127 1109 3213 Hannibal,

149 3213 333 3298 filiuseius,
356 3213 490 3280 assiduis
505 3214 605 3296 patris
622 3212 889 3278 obtestationibus
912 3234 949 3278 eo
972 3217 1021 3278 est
1041 3234 1111 3296 per·

150 3297 279 3447 duclqus,
316 3303 352 3364 ut
384 3298 514 3363 interire
549 3319 644 3380 quam
678 3296 841 3364 Romame
874 3317 941 3362 non
973 3296 1111 3382 experiri

148 3405 202 3448 ma
227 3388 269 3450 et.

528 3535 730 3546 mu·—
