2606 3940
443 260 541 321 mv.
578 271 678 322 cero.
699 269 724 318 a.
745 269 770 319 c.
1049 260 1091 326 99

125 407 324 506 triumphum
350 406 540 505 deportarit
584 406 631 472 ibi
658 428 730 472 cum
758 406 876 480 diutius
901 414 1120 494 moreretur,2

125 492 162 558 P.
185 490 293 575 Scipio
320 490 636 557 Afncanmaoneul
662 492 796 576 iterum,
818 493 907 558 cuius
928 495 964 558 in
989 495 1091 578 priori
1168 484 1175 510 ¹

126 576 296 642 consulatu
324 578 475 659 quaestor
502 574 608 640 fueret
645 576 749 641 soluit
770 597 843 641 eum
865 576 903 642 de
924 579 1091 662 provincia

126 658 285 744 depellere
308 662 342 724 et
363 659 431 742 ipse
454 658 485 724 ei
510 626 692 745 succedere,
713 681 817 744 neque
839 661 901 726 hoc
922 683 981 745 per
1001 683 1091 728 sena·
1181 665 1207 716 r,

126 747 195 809 tum
218 743 355 819 efficere.
391 743 484 826 otuit,
508 765 580 813 cum
602 744 731 828 quidem
746 743 854 829 Scipio
874 745 1091 830 principatum
1174 735 1195 802 ί

126 827 318 894 incivitate
347 765 523 926 oEtineret,
552 828 638 912 quod
665 834 735 894 tum
757 850 825 894 non
846 831 1006 913 potentie,
1035 831 1091 896 sed
1182 814 1200 868 5

125 914 195 977 iure
216 933 267 977 res
288 911 418 996 publice
440 911 730 979 administrabatur.
779 935 843 997 qua
869 935 908 978 ex
933 935 967 978 re
989 915 1090 980 iratus

126 995 270 1080 senatui,
300 995 468 1067 consulatu
488 999 618 1080 peraeto
639 998 783 1081 privates
805 997 841 1067 in
862 1000 940 1064 urbe
961 999 1088 1064 mansit.
1170 999 1200 1077 7

5 1143 6 1156 ,
126 1084 162 1146 at
187 1079 283 1163 Oatd,
312 1100 426 1148 censor
451 1099 525 1154 omn
553 1079 665 1144 eodem
690 1080 805 1152 Flacco
833 1081 952 1166 factus,
980 1096 1118 1148 sereres

125 1164 268 1249 praefuit
289 1163 319 1228 ei
340 1165 503 1248 potestati.
547 1185 623 1229 nam
645 1166 678 1229 et
698 1164 733 1229 iu
759 1185 830 1231 com
853 1165 938 1231 lures
965 1164 1089 1232 nobiles

127 1248 353 1327 animadvertit
374 1251 408 1313 et
426 1247 545 1313 multas
567 1268 619 1313 res
640 1269 741 1314 novas
756 1249 823 1314 ine
847 1249 944 1316 ’ctum
958 1250 1088 1334 addidit,

127 1353 191 1416 qus
211 1353 246 1397 re
268 1332 396 1397 luxuria
415 1332 656 1430 reprimeretur,
679 1354 761 1416 quae
783 1334 847 1398 iam
869 1336 938 1398 tum
959 1333 1090 1419 incipie-

126 1418 183 1482 bat
208 1416 377 1500 pullulare.
426 1416 552 1481 circiter
580 1436 682 1479 annos
709 1417 892 1502 octoginta,
919 1439 1020 1501 usque
1049 1419 1120 1482 adl

127 1505 302 1565 extremam
317 1500 457 1563 aetatem
470 1501 511 1564 ab
525 1499 750 1583 adulescentia,
771 1502 819 1565 rei
833 1501 979 1584 publicae
994 1522 1090 1568 eausa

127 1584 290 1668 suscipere
311 1582 497 1648 inimicitias
518 1603 586 1648 non
608 1581 738 1648 destitit.
783 1585 933 1650 amultis
947 1589 1090 1650 tentatus

127 1689 195 1733 non
208 1665 312 1757 ‚modo
334 1666 461 1766 nullum
483 1666 715 1766 ,detrimentum
737 1668 982 1765 existimationis
1003 1668 1090 1754 fecit,

127 1751 1126 1933 ⁸⁰‘¹’lt⁰tittt’1tt‘tllt⁰tttita2„me

127 1923 161 1984 et
174 1919 317 2002 agricola
331 1918 444 1984 sollers
458 1921 491 1982 et
498 1922 627 2066 lirim
637 1941 716 1984 runs
727 1920 892 1985 consultus
907 1923 940 1985 et
953 1943 985 1986 m
1051 1945 1089 1986 ue

126 2005 302 2086 imperator
324 2005 357 2067 st
375 2001 498 2086 probab
526 2002 533 2016 ⁸
573 2005 681 2067 orator
708 2006 741 2068 et
762 2003 984 2086 cupidissimus
1021 2005 1089 2069 'tte-

125 2107 234 2152 rarum
256 2086 327 2152 fuit.
372 2107 507 2170 quarum
528 2086 668 2151 studium
690 2087 750 2152 etsi
771 2087 879 2152 senior
900 2088 1118 2173 arripuerat,a

125 2176 235 2237 tamen
256 2174 384 2236 tantum
404 2190 464 2255 pro
500 2191 609 2235 essum
631 2171 717 2255 fecit,
738 2175 775 2237 ut
795 2193 863 2237 non
883 2171 978 2238 facile
1000 2195 1089 2258 repe-

126 2256 185 2320 riri
229 2256 308 2321 ossit
330 2277 434 2339 neque
477 2253 641 2320 eGrsecis
661 2276 766 2338 neque
788 2256 826 2320 de
841 2255 961 2322 Italicis
983 2260 1087 2340 rebus,

126 2360 191 2423 quo
236 2339 266 2401 ei
287 2339 385 2402 fuerit
406 2339 617 2422 incognitum.
654 2341 694 2403 ab
714 2339 929 2405 adulescentia
949 2341 1118 2406 cocleolis

134 2422 305 2487 orationes.
350 2441 446 2485 senex
467 2421 618 2486 historias
641 2422 778 2486 scribere
792 2423 942 2487 instituit.
979 2445 1089 2488 earum

126 2509 203 2571 sunt
223 2505 299 2569 libri
322 2507 453 2589 septem.
489 2505 611 2589 primus
626 2505 771 2570 continet
789 2527 840 2571 res
855 2509 962 2592 gestas
975 2528 1089 2592 regum

127 2590 252 2675 populi
268 2587 422 2669 Romani,
449 2588 605 2653 secundus
632 2593 665 2654 et
690 2590 804 2654 tertius
830 2590 915 2654 unde
943 2611 1088 2690 quaeque

128 2674 242 2740 civitas
264 2675 335 2739 orta
356 2672 399 2738 sit
418 2670 546 2756 Italica,
574 2672 615 2737 ob
638 2694 733 2756 quam
760 2694 828 2738 rem
850 2694 961 2739 omnes
984 2673 1089 2760 Origi-

127 2779 184 2822 nes
217 2757 343 2823 videtur
377 2757 564 2840 appellasse.
618 2757 653 2821 in
684 2760 797 2840 quarto
830 2760 938 2822 eutem
967 2759 1089 2825 bellum

126 2842 304 2906 Poenicum
325 2843 375 2906 est
395 2841 549 2924 primum,
578 2841 745 2924 inquirito
773 2842 962 2909 seeundum:
991 2846 1087 2926 atque

126 2925 207 2990 haec
228 2925 336 2991 omnia
358 2924 557 3010 capitulatim
578 2927 655 2989 sunt
676 2924 770 2991 dicta.
813 2927 938 3010 reliqua
959 2937 1119 3011 quoquot

125 3009 211 3074 belle
231 3009 302 3092 pari
322 3007 417 3074 modo
439 3011 624 3092 persecutus
646 3012 816 3093 estusque
842 3010 883 3075 ad
903 3014 1088 3094 praetmem

126 3092 230 3159 Servii
252 3091 388 3176 Galbae,
410 3094 466 3176 qui
488 3093 622 3176 diripuit
641 3092 828 3159 Lusitanos:
854 3097 949 3177 etque
971 3095 1087 3162 horum

124 3176 283 3242 bellorum
305 3176 399 3241 duces
420 3196 488 3240 non
508 3177 703 3260 nominarit,
731 3177 787 3243 sed
812 3178 880 3244 sine
901 3180 1087 3244 nominibus

124 3283 174 3328 res
196 3261 331 3327 notavit
375 3261 411 3324 in
437 3259 556 3325 eisdem
578 3262 734 3345 exposuit,
757 3283 838 3346 quae
859 3263 895 3329 in
914 3263 1010 3327 Italia
1028 3262 1087 3328 Hi·

123 3347 309 3431 spaniisque
331 3349 388 3410 aut
408 3344 524 3411 fierent
543 3348 600 3410 sut
618 3345 802 3411 viderentur
823 3347 1023 3412 admiranda:
1051 3347 1087 3412 iu

123 3431 248 3580 {aiiii
262 3430 364 3496 multa
386 3429 543 3496 industria
565 3433 598 3496 et
614 3429 781 3516 diligentia
803 3433 974 3515 comparet,
995 3431 1087 3496 nulle
1157 3471 1167 3530 ,

144 3535 182 3580 oo
249 3538 276 3580 a.
