2606 3940
425 227 485 276 XX.
522 227 715 280 'l'fflOIAEObl-
737 226 761 277 1.
781 225 807 277 8.
1057 218 1099 287 83

132 364 333 444 porretano,
355 365 482 428 tontum
496 359 579 428 siniit
596 363 781 430 suouetate
796 365 933 450 sedens,
955 371 993 433 ut
1011 373 1099 441 ente·

132 444 245 510 tulerit
259 445 378 510 ciuium
399 467 531 518 suorum
545 447 726 514 libertatem
747 449 857 516 irenis
878 449 975 523 saluti
990 455 1023 516 et
1042 475 1099 536 pa·

132 549 204 593 rere
230 529 357 614 legibue
384 551 481 614 quam
502 531 659 614 imperare
685 533 809 616 patriae
836 533 936 607 satias
963 532 1097 603 duxerit

131 613 193 710 bac
220 617 328 680 mente
355 634 413 697 per
438 613 639 699 haruspicem
668 637 935 702 communemque
956 619 1129 704 affinem

132 718 185 762 cur
206 712 299 764 soror
320 718 359 764 ex
381 697 499 764 eisdem
520 700 706 782 parentibus
727 703 805 776 nata
816 705 922 786 nupta
936 707 1014 788 erat,
1035 705 1099 770 ira·

129 786 214 845 trem
247 786 422 866 tyrannum
453 783 713 853 interficiundum
745 786 878 854 curavit.
930 787 1000 871 ipsc
1030 810 1099 856 non

130 865 227 931 modo
255 887 372 935 manus
398 888 466 932 non
492 868 601 937 attulit
643 869 699 934 sed
724 891 766 936 ne
796 893 832 937 as
852 871 938 946 icero
968 871 1099 955 quidem

90 961 97 973 ·
130 950 318 1019 fraternum
337 953 527 1038 sanguinem
557 917 669 1037 voluit.
719 975 796 1027 uam
937 975 989 1023 res
1023 976 1099 1028 con·

130 1037 295 1120 ficeretur,
322 1037 435 1122 procul
462 1038 498 1101 in
523 1036 682 1121 praesidio
706 1037 785 1136 fair,
812 1049 854 1109 ne
876 1041 949 1125 quie
970 1038 1098 1109 nanas

127 1126 243 1207 ‚posset
263 1142 456 1188 succurrere.
499 1121 562 1186 hoc
583 1121 871 1206 praeclarissimum
892 1125 960 1194 eius
974 1125 1127 1200 factumn

131 1229 200 1272 non
220 1207 291 1292 pari
312 1206 409 1275 modo
431 1205 602 1290 probatum
624 1207 733 1276 catab
755 1209 919 1274 omnibus:
947 1208 1098 1284 nonnulli

132 1293 219 1356 enim
233 1291 354 1360 laesam
374 1290 416 1356 sb
438 1311 476 1356 ec
490 1290 643 1374 pietatem
664 1292 822 1375 putabant
843 1296 876 1359 et
894 1291 1017 1370 invidia
1030 1293 1098 1368 lau·

133 1374 209 1440 dem
228 1375 357 1442 virtutis
372 1374 570 1444 obterebant.
606 1378 709 1442 mater
729 1397 806 1440 vero
820 1379 895 1461 post
915 1375 950 1445 id
976 1377 1098 1453 factm

131 1480 238 1542 neque
266 1461 398 1525 domum
425 1457 465 1523 ad
488 1480 525 1524 se
551 1457 655 1526 filium
681 1458 809 1526 admisit
834 1481 939 1543 neque
964 1461 1097 1544 aspexit,

133 1544 214 1628 quin
236 1564 310 1609 eum
330 1541 527 1608 fratricidam
554 1543 601 1606 im
621 1541 752 1625 iamque
779 1543 939 1611 detestans
960 1543 1098 1628 compel-

130 1628 223 1694 laret
260 1628 376 1713 quibus
397 1628 491 1692 rebus
512 1625 567 1692 ille
623 1646 661 1691 eo
683 1630 732 1696 est
752 1631 941 1711 commotam,
962 1631 1126 1699 utnon-t

131 1733 311 1796 numquam
328 1706 424 1778 'vitae
450 1711 548 1776 finem
569 1710 674 1779 facere
696 1711 835 1778 uoluerit
860 1715 957 1794 atque
983 1732 1022 1775 ex
1049 1711 1097 1779 in·

133 1801 302 1884 gratorum
323 1795 492 1863 hominum
520 1798 693 1878 conspectu
713 1799 817 1860 morte
839 1793 998 1870 decedere.

217 1881 351 1946 Interim
383 1877 491 1945 Dione
524 1877 689 1962 Syracusis
720 1878 891 1946 interiectu
923 1877 1135 1962 Dionysius?

132 1986 244 2030 rursus
271 1962 500 2046 Syracusarum
531 1962 654 2045 potitus
686 1965 744 2026 est
802 1963 893 2038 cuiue
925 1962 1100 2038 advammii

132 2045 651 2213 liliatflllfflffi
667 2044 1098 2198 ltfltt’tttdltt

133 2215 225 2280 dibili
246 2180 400 2280 felibitate
414 2212 606 2297 Dionysium
626 2216 698 2278 tuta
718 2211 828 2280 Sicilia
848 2213 981 2298 depulit.
1024 2225 1127 2280 cuma

132 2300 312 2364 interficere
334 2301 450 2381 posset,
470 2297 586 2380 noluit,
607 2301 742 2381 tutoque
763 2302 801 2362 ut
815 2296 1007 2364 Corinthum
1027 2317 1098 2381 per·

133 2383 260 2447 veniret
281 2381 395 2464 effecit,
418 2382 504 2464 quod
530 2385 740 2464 utrorumque
765 2380 997 2464 Dionysiorum
1030 2382 1098 2463 opi·

133 2470 195 2532 bus
218 2464 379 2532 Corinthii
394 2486 487 2548 saepe
502 2465 603 2529 adiuti
616 2464 754 2548 fererant,
776 2465 866 2547 cuius
888 2462 1099 2548 benignitatis

132 2550 322 2617 memoriam
344 2548 472 2614 volebat
486 2553 619 2632 exuare,
641 2568 775 2632 eamque
789 2547 984 2631 praeclaram
999 2547 1098 2612 victo

133 2637 216 2700 riam
231 2635 377 2716 ducebat,
398 2633 435 2697 in
456 2654 519 2715 qua
532 2631 605 2715 plus
618 2637 702 2698 esset
716 2630 904 2698 clementiae
919 2651 1015 2714 quam
1028 2651 1098 2696 ero·

135 2720 287 2800 delitatis,
309 2721 472 2802 postremo
487 2719 524 2779 ut
544 2716 731 2782 nouaclum
750 2715 881 2780 auribus
892 2714 1098 2798 acciperetur,

135 2804 191 2868 sed
206 2803 302 2866 etiam
319 2801 419 2866 oculis
435 2807 625 2882 cameratam,
647 2821 742 2884 quem
758 2804 791 2867 et
805 2821 844 2864 ex
858 2802 981 2882 quanto
996 2819 1097 2882 regno

135 2887 176 2950 ad
198 2907 293 2968 quam
311 2885 478 2948 'fortunam
501 2883 675 2948 detulisset.
717 2888 792 2967 post
817 2881 967 2968 Dionysii
993 2883 1128 2946 decas-a

135 2991 206 3034 sum
229 2991 301 3034 cum
322 2968 437 3034 Hiceta
462 2967 609 3050 bellavit,
637 2967 693 3050 qui
719 2967 904 3034 adversatus
931 2969 1000 3030 erat
1020 2964 1098 3030 Dio·

134 3054 245 3138 nysio:
278 3074 373 3136 quem
403 3073 470 3117 non
498 3051 571 3116 odio
603 3049 782 3134 tyrannidis
809 3050 1009 3132 disnnsmse,
1043 3049 1098 3113 sed

135 3137 309 3222 cupiditate
330 3136 449 3201 indicio
471 3136 548 3217 fuit,
578 3136 664 3218 quod
690 3135 758 3216 ipse
783 3139 915 3218 expulso
937 3132 1096 3216 Dionysio

134 3221 305 3305 imperium
327 3221 486 3284 dimittere
507 3219 623 3282 noluit.
672 3218 734 3281 hoc
756 3223 904 3304 superato
927 3216 1128 3282 Timoleont

134 3307 288 3370 maximae
320 3305 429 3387 copias
460 3301 780 3386 Karthaginiensium
809 3301 894 3386 apud
921 3299 1099 3366 Crinissum

87 3469 92 3478 1
134 3391 255 3454 fiumen
281 3387 408 3535 infuit
439 3406 476 3450 ac
508 3385 586 3450 satis
617 3385 736 3450 hebere
770 3386 892 3469 coegit,
927 3383 955 3446 si
986 3383 1097 3447 liceret

133 3473 280 3541 Africam
305 3492 325 3536 o
347 3470 466 3553 tinere,
488 3470 544 3553 qui
565 3469 630 3534 iam
652 3468 830 3551 complures
851 3487 954 3532 annos
975 3485 1097 3550 posses·

857 3569 893 3618 6.
