2590 3946
129 2141 134 2150 .
249 2089 304 2149 tur
323 2081 481 2149 Pisandro

247 251 290 317 36
575 264 634 314 11:
652 263 779 313 conor.
800 260 876 310 a-a.

248 419 338 498 more
357 399 505 498 ‘fungar’
553 398 679 482 itaque,
707 419 790 482 quaa
816 397 892 463 huie
920 399 1065 504 volebat,
1093 399 1220 484 aeripta

211 483 458 644 tmglbrhua
479 587 517 632 eo
566 566 618 632 ‘tia
639 585 696 630 rex
708 568 836 630 tantum
850 566 1040 630 auctoritate
1055 567 1126 631 eina
1147 588 1218 632 mo-

248 659 301 720 tua
322 655 387 738 eat,
409 656 447 718 ut
466 655 499 716 et
543 652 551 666 '
603 649 760 735 phernem
780 649 907 714 hortem
928 649 1079 716 iudicarit
1099 654 1135 715 et
1155 650 1218 716 La

248 736 472 803 aedaemonioa
492 735 578 800 bello
599 756 641 820 pe
714 735 750 799 ui
770 734 900 798 inserit
920 737 954 800 et
979 735 1010 798 ei
1030 735 1217 818 permiserit

248 843 344 906 quem
365 819 464 886 vellet
484 820 602 905 eligere
624 819 665 884 ad
713 818 721 832 '
779 817 935 886 neandrum
1015 819 1138 884 uniam.
1183 820 1216 887 id

248 905 416 1004 arbitrium
438 903 554 970 Gouon
566 903 700 989 negavit
712 903 762 967 eui
783 923 852 968 eme
873 923 911 968 eo
943 903 947 910 '
978 903 999 918 ”
1032 902 1089 968 aed
1102 903 1215 1052 issdm’

248 1010 306 1072 qur
326 991 447 1072 optime
468 1009 543 1053 auos
556 1009 652 1053 nosse
666 986 805 1072 deberet,
826 986 883 1052 aad
903 1008 938 1052 aa
958 987 1092 1052 euadere
1142 987 1215 1055 har-

217 1073 372 1138 anabaao
394 1071 429 1138 id
442 1072 567 1158 negotii
585 1072 683 1137 daret
718 1072 796 1137 hine
809 1071 936 1157 magnis
956 1073 1145 1137 muneribus
1159 1071 1215 1140 do·

247 1160 344 1222 natue
365 1156 406 1222 ad
426 1177 514 1222 mare
535 1160 585 1221 eet
598 1157 723 1240 misena,
745 1159 783 1219 ut
796 1155 922 1240 Cypriis
942 1158 976 1220 et
995 1155 1214 1224 Phoenicibus

247 1239 841 1392 maaroth
851 1239 1102 1390 ’ὶίὲῖιέἭέ
1114 1242 1214 1392 aa

248 1413 371 1494 posset,
393 1345 866 1494 eompilmitqdatopadiutore
887 1408 1109 1493 Pharnabazo,
1131 1411 1215 1477 aient

219 1497 318 1580 aipaa
344 1492 499 1560 uoluerat
548 1492 582 1559 id
603 1496 641 1558 ut
660 1491 922 1558 Lacedaemoniis
947 1496 996 1558 eat
1016 1494 1213 1580 nuntiatum,

249 1599 318 1646 non
339 1579 409 1644 aine
430 1597 590 1644 aurarem
605 1575 845 1662 administrant,
867 1575 954 1660 quod
967 1577 1071 1643 maiua
1092 1579 1214 1645 bellruu

249 1662 418 1730 imminere
434 1662 682 1744 arbitrabantur,
704 1681 801 1744 quam
819 1661 847 1726 ai
869 1681 942 1726 eum
955 1662 1093 1726 barbaro
1108 1663 1215 1730 aolum

244 1746 489 1814 'contenderent
525 1765 602 1809 nam
616 1743 729 1809 dueem
749 1743 882 1844 fortem,
903 1745 1094 1828 prudentem
1115 1749 1215 1833 regiis
1273 1813 1274 1820 ,

250 1831 367 1915 opibua
379 1827 604 1914 praefuturum
625 1847 662 1893 ae
683 1848 791 1893 aeounr
805 1828 1030 1895 dimicaturum
1051 1831 1214 1915 videbant,

250 1935 346 2066 ffim
366 1934 472 1998 neque
493 1911 628 1979 oonailio
650 1933 756 1996 neque
776 1913 878 1997 eopiia
899 1934 1049 1998 superare
1069 1920 1214 1998 possent.
1274 1982 1275 1990 ,

221 2013 238 2063 4

333 2002 441 2065 mente
462 2018 614 2146 mafngm
625 1996 832 2146 ffitrffl
838 1997 1215 2149 elaaagmdnpgofioisapiun-

525 2104 546 2146 u
584 2130 592 2146 .
684 2110 690 2136 ε
853 2103 873 2146 a
894 2103 917 2146 u
1046 2105 1101 2148 um
1166 2107 1215 2150 or·

250 2173 305 2233 tna
330 2187 384 2231 ma
431 2185 450 2231 ο
478 2164 602 2248 proelio
623 2163 726 2250 fugat,
747 2102 985 2232 multaapnavea
1006 2168 1101 2251 oepit,
1130 2189 1216 2234 oom-

250 2249 359 2336 pluree
380 2185 539 2334 ffossrimit
589 2269 653 2331 qua
667 2247 813 2346 ,notoria
838 2270 908 2314 nou
928 2248 1032 2316 solum
1054 2251 1215 2338 Athenae,

252 2333 308 2401 aad
324 2333 422 2401 etiam
436 2335 552 2400 cuneta
563 2331 705 2418 Graeere,
721 2352 802 2417 quae
817 2333 876 2398 auh
887 2332 1215 2403 Lacedaemoniorum

222 2419 359 2486 afuerat
380 2417 531 2504 imperio,
556 2417 693 2482 hherata
713 2419 771 2483 eet
814 2415 1025 2484 Cononem
1068 2424 1137 2486 arte
1158 2444 1215 2488 na·

251 2504 341 2571 vium
368 2504 404 2569 in
424 2501 563 2588 patriam
589 2501 679 2568 venit
720 2522 829 2567 muroa
856 2501 979 2568 dirutoa
1000 2524 1021 2567 a
1045 2442 1215 2588 bysandro

252 2592 416 2686 utrosque,
438 2590 471 2653 et
490 2585 597 2652 Piraei
618 2588 651 2650 et
671 2552 888 2668 hthenarum,
914 2587 1102 2654 reficiendos
1124 2595 1217 2656 aurat

251 2670 718 2771 peenmaequeuquinquagintu
731 2670 862 2750 talenta,
873 2691 955 2754 quaa
969 2693 989 2736 a
1003 2671 1215 2740 Pharnabazo

215 2755 578 2938 emptitium?
600 2755 806 2938 bittit
827 2840 1025 2928 mortalibus,
1046 2845 1083 2907 ue
1102 2842 1216 2910 incon-

253 2923 422 2992 siderahor
441 2943 477 2988 1n
498 2943 596 2990 aeoun
658 2945 755 3008 quam
768 2944 804 2988 m
817 2923 950 2991 adversa
971 2930 1054 2992 esset
1072 2926 1214 2995 fortuna.

252 3029 329 3073 nem
350 3007 451 3075 elaeae
471 3005 780 3093 Peloponnesiorum
801 3006 935 3093 devicta,
960 3031 1033 3075 oum
1053 3012 1159 3076 ultum
1181 3035 1216 3079 se

253 3091 387 3158 iniuriae
407 3093 530 3176 patriae
551 3095 688 3176 putaret,
709 3093 804 3176 plura
825 3093 1009 3178 concupivit
1031 3115 1127 3179 quam
1147 3095 1217 3162 effi·

225 3183 326 3242 aoere
346 3177 462 3260 potuit.
505 3195 609 3260 neque
630 3180 740 3241 tumen
762 3198 800 3243 ea
819 3197 888 3243 nou
913 3178 968 3263 pia
995 3182 1028 3244 et
1047 3180 1217 3263 probanda

256 3261 394 3344 fuerunt,
417 3259 504 3344 quod
517 3259 625 3344 potina
645 3259 769 3345 patriae
791 3283 868 3347 opes
884 3263 996 3349 augeri
1010 3285 1106 3348 quam
1126 3266 1216 3350 regis

205 3353 210 3360 '
255 3344 377 3411 maluit.
420 3364 496 3410 nam
518 3365 590 3410 eum
711 3367 762 3411 am
777 3347 1000 3414 auctoritatem
1021 3347 1083 3414 sibi
1104 3369 1217 3436 pugna

252 3429 310 3496 illa
330 3429 447 3515 navali,
469 3449 565 3514 quarn
587 3451 650 3516 apn
686 3429 824 3499 Cnidum
845 3433 973 3517 fecerat,
996 3433 1217 3502 constituisset

253 3532 321 3579 non
341 3513 448 3580 solum
461 3514 547 3581 iuter
562 3515 725 3598 barbarea,
747 3516 802 3582 aed
817 3517 913 3581 etiam
935 3537 1046 3586 omnes
1062 3517 1216 3586 Graeciae
